2892 5042
535 434 542 453 ⁴
579 490 641 552 135

107 664 187 731 dum
197 674 273 731 adra
285 677 316 729 et
333 666 432 730 solum
448 668 552 731 sterile
571 668 728 751 aptissima
744 691 810 732 osse
820 671 1007 754 reipublicae
1017 672 1114 739 libe.

105 764 173 858 'raej
189 779 344 862 populum
355 790 462 843 contra
473 778 560 845 dulci
570 780 719 864 temperie
731 803 835 858 usum,
844 782 1100 863 lautevirentstn.

107 889 222 951 melius
246 889 301 955 uni
325 891 503 974 pariturum
527 887 582 979 (1)
629 892 724 972 Quod
753 894 906 978 placitum
935 895 1102 963 mallent

106 999 255 1065 cohaeret
278 1022 350 1065 cum
368 1002 494 1086 politica
512 1003 629 1068 virtute
651 1004 810 1088 popularis
831 1006 991 1092 regiminis
1014 1007 1102 1092 prin-

106 1114 209 1197 cipio,
243 1135 317 1178 nam
348 1114 463 1177 sterilis
491 1116 627 1202 regionis
658 1117 781 1182 incolae
805 1118 927 1183 minora
951 1117 1104 1193 liabentm

105 1225 208 1301 hona,
244 1224 366 1289 facilins
393 1247 429 1289 ea
460 1226 494 1288 in
522 1247 690 1291 commune
717 1227 863 1293 collaturi
892 1238 982 1306 sunt,
1005 1248 1100 1312 quam

107 1337 269 1421 opulenti:
292 1359 370 1414 nec,
389 1337 444 1401 ubi
461 1359 579 1422 paucae
594 1349 667 1402 sunt
688 1360 772 1423 opes,
789 1350 874 1404 tanta
894 1339 1101 1424 inaequalitas

107 1448 257 1512 exsistere
271 1459 382 1533 potest,
399 1428 515 1533 quanta
526 1448 640 1512 exsistit
653 1450 736 1514 inter
756 1449 875 1515 divites.
899 1451 997 1539 Saepe
1007 1449 1103 1523 etiarn

107 1562 168 1625 soli
194 1562 309 1632 sterilis
342 1582 379 1625 ea
409 1572 454 1625 est
482 1572 610 1642 natura,
640 1572 675 1625 ut
706 1559 747 1626 ad
775 1560 973 1627 nomadicam
1004 1564 1102 1629 vitam

107 1671 280 1758 adigantur
297 1674 424 1759 populi,
448 1675 513 1758 qual
529 1685 614 1738 certo
634 1674 813 1741 conditione
827 1674 962 1740 absoluti
975 1674 1100 1759 imperii

108 1784 307 1870 impatientes
327 1784 421 1860 fiunt,
445 1785 491 1848 uti
515 1785 674 1864 Arabum,
698 1785 884 1872 Scytharum
906 1798 938 1851 et
954 1787 1102 1872 antiquo-

109 1918 182 1961 rum
194 1899 425 1962 Germanorum
442 1896 587 1981 exemplo
597 1898 771 1961 confirmat.
795 1897 941 1980 Inprimis
956 1897 1009 1961 hic
1019 1898 1103 1961 Ger-

108 2010 308 2089 manicarum
322 2008 464 2095 gentium
481 2008 566 2093 leges
583 2007 722 2073 adtendit
749 2018 780 2072 et
801 2008 927 2093 politica
945 2008 1097 2083 instituta,

109 2126 186 2189 edm
217 2133 292 2188 ante
313 2121 438 2206 lmperii
472 2122 605 2186 Romani
630 2120 809 2198 interitum,
841 2123 909 2185 tdm
938 2132 1103 2208 postquam

111 2247 211 2303 certam
242 2235 328 2300 sodes
351 2246 459 2303 nactae
485 2245 607 2311 essent,
638 2256 720 2321 quae
741 2237 867 2321 egregia
887 2256 953 2303 esse
979 2233 1102 2298 ridetur

111 2348 253 2434 prolusio
270 2348 310 2414 ad
327 2349 452 2413 ultimm
468 2350 568 2432 operis
590 2347 685 2411 libros
701 2346 760 2434 (2).
789 2336 796 2343 ⁴

154 2461 371 2527 Controversia
399 2470 505 2524 autem
537 2458 657 2542 saepius¹
688 2460 802 2545 agitata
831 2469 876 2522 est
900 2458 939 2522 de
962 2479 1103 2525 norrea-
1148 2518 1151 2524 i

111 2595 220 2650 curru
241 2571 332 2634 effato
352 2569 470 2680 ibidem
493 2570 600 2646 obvio,
625 2570 693 2634 soil.
716 2569 915 2633 monticolae
936 2569 1105 2637 libertatis

112 2686 283 2749 studiosos
306 2704 378 2749 esse
400 2682 517 2746 solere.
561 2681 654 2762 Quod
685 2692 790 2746 tamen
816 2691 900 2747 recte
921 2702 956 2747 to
988 2681 1103 2747 habere

114 2798 248 2875 videtur,
264 2819 338 2862 nam
359 2807 479 2883 montes
499 2795 629 2881 quidem
647 2796 829 2880 complures
848 2795 1052 2861 inveniuntur
1069 2796 1103 2859 in

113 2911 218 2996 regnis
246 2909 402 2993 despotioe
420 2907 617 2994 gubernatis3
644 2908 698 2972 sed
726 2908 901 2993 saepissimo
926 2908 1050 2973 normisi
1069 2909 1103 2971 in

113 3024 229 3090 tabulis
246 3022 460 3107 geographicis
475 3022 530 3085 tali
541 3021 686 3104 regimini
702 3022 845 3096 subsunt,
859 3043 928 3084 suas
941 3022 1026 3104 leges
1035 3022 1102 3103 ple-

116 3138 254 3219 rquue
273 3145 304 3199 et
317 3133 494 3197 liberiorem
516 3132 608 3195 vitam
623 3143 749 3195 ⁴servant
773 3132 911 3205 incolae,
930 3130 977 3195 rel
996 3131 1102 3196 saltem

115 3248 239 3313 nonnisi
246 3246 520 3330 moderatumipsis
530 3244 647 3327 imponi
656 3253 757 3327 potest
765 3243 914 3329 regimen.
931 3242 1103 3307 Fatendum

118 3361 264 3449 quidem,
297 3360 451 3423 montium
473 3367 543 3421 aera
570 3379 633 3419 non
655 3355 824 3440 impedire,
855 3357 1021 3442 quominus
1044 3356 1104 3420 ali-

118 3475 238 3560 quoties
251 3472 401 3548 dominos,
418 3491 533 3555 eosque
552 3468 709 3533 absolutae
718 3470 886 3554 potestatis,
908 3468 967 3534 sibi
979 3471 1099 3556 praese-

152 3709 190 3779 ll)
209 3713 243 3760 Ε.
261 3712 285 3760 d.
304 3711 335 3759 I..
353 3709 388 3757 ib.
407 3718 429 3757 et
447 3709 539 3758 XVlll.
558 3711 583 3770 l,
601 3712 628 3770 3,
646 3713 672 3769 4,
692 3711 734 3756 14.
764 3707 922 3756 Vehementer
932 3704 992 3750 lianc
1005 3708 1102 3748 senten·

120 3805 177 3865 tiam
202 3801 296 3851 adonai
319 3810 355 3849 est
371 3814 390 3849 t.
409 3813 469 3864 rer,
499 3801 585 3850 Troili
602 3801 645 3849 dos
669 3798 798 3862 principer
822 3793 953 3858 annana
981 3791 1016 3838 do
1038 3790 1105 3841 arou

120 3893 195 3960 (Paris
213 3894 305 3959 1828),
322 3909 377 3958 pag.
399 3893 466 3955 245,
495 3893 546 3938 n.l
567 3899 592 3937 et
613 3889 666 3937 256
686 3903 740 3952 sqq.
757 3884 801 3934 ubi
820 3898 944 3949 perperam
961 3882 1008 3930 ait:
1029 3892 1104 3927 onon-
1190 3896 1198 3909 .

119 3996 228 4042 monuo
249 3983 353 4035 attribue
384 3993 436 4031 tour
459 3982 494 4030 les
514 3982 579 4029 vises
598 3995 644 4029 aur
668 3974 766 4042 periples
791 3974 823 4023 du
850 3973 907 4023 midi
928 3983 953 4023 et
976 3982 1053 4025 tontes
1070 3970 1106 4021 les

120 4087 198 4125 sertus
214 4093 260 4125 anx
275 4092 334 4142 pays
349 4070 566 4139 septentrionanx.”

111 4156 115 4159 “
154 4167 190 4232 (a)
210 4169 242 4219 a.
259 4169 284 4219 a.
302 4169 333 4216 r.
348 4165 435 4214 xvrn.
453 4166 568 4228 tt-tt;
591 4165 705 4230 ro-aa‚
723 4164 769 4214 ao.
