2892 5042
604 525 663 586 165

146 704 223 766 urias
244 712 299 764 aut
320 701 436 764 subitas
454 702 656 780 mutationem
681 699 859 764 exhortetur
880 723 988 785 porro,
1023 713 1058 765 ut
1079 723 1133 786 pu·

146 815 225 878 triae
246 814 368 900 legibus
386 824 419 878 et
438 800 577 877 moribus
597 814 729 899 propriis
753 812 950 894 inhaereant3
975 814 1134 900 regiminis

78 992 82 1001 ,
146 924 238 988 etiam
261 926 423 1009 antiquam
447 924 630 990 servandam
655 925 739 990 dicat
764 926 896 991 sormam
924 924 1135 1013 (monarchiae

147 1035 332 1118 electivae).
362 1034 531 1100 dummodb
559 1047 752 1120 temperetur
779 1038 975 1122 aliquautdm
999 1038 1137 1122 potentia

148 1145 265 1211 ordinis
289 1146 464 1230 Equestris,
487 1156 523 1208 ut
547 1147 771 1231 aequilibrium
791 1158 980 1231 potestatum
996 1151 1136 1228 exsistat,

147 1267 208 1322 etc.
229 1254 286 1344 (1).
318 1257 406 1320 Tales
432 1266 537 1321 autem
565 1257 648 1322 locos
672 1257 723 1320 vir
747 1259 954 1342 respiciebant
973 1260 1138 1342 aequales3

148 1368 294 1455 plerique
302 1368 433 1433 lectores
451 1389 469 1432 e
488 1390 652 1434 uounssn
672 1370 819 1453 operibus
834 1369 879 1432 nil
895 1355 1066 1444 discebant,
1077 1369 1139 1432 uisi

148 1478 241 1544 haec:
265 1481 384 1564 populo
405 1500 564 1544 summum
581 1481 896 1565 imperium'deberi‚
920 1480 1141 1545 democratiam

92 1615 100 1620 ·
148 1590 337 1655 laudandam
357 1612 440 1668 esse,
472 1601 504 1654 et
534 1613 752 1677 quaecumque
780 1592 847 1677 ipse
866 1580 908 1657 ad
922 1576 1042 1655 meram
1061 1612 1140 1656 oon-

148 1702 380 1785 templationem
401 1703 558 1766 retulerat.
591 1703 637 1766 lta
656 1704 795 1767 multslm
816 1702 950 1766 obfuere
960 1703 1015 1766 illa
1030 1692 1142 1786 scripta

149 1812 258 1876 studiis
274 1811 421 1877 historiae
438 1812 676 1899 philosophicis,
697 1830 781 1899 'quae
799 1804 1031 1880 commendhrat
1051 1806 1139 1878 nos-

149 1944 343 2000 rmourvrus.

191 2033 310 2098 Eodem
342 2043 448 2095 autem
470 2040 611 2116 tempore
630 2032 844 2096 lubentissime
869 2032 935 2116 ejus
956 2033 1141 2097 auctoritate

152 2144 334 2208 nitebantur
362 2132 425 2219 illi,
457 2145 512 2228 qui
532 2144 596 2229 jus
623 2124 805 2233 publscum'
825 2143 1030 2210 Francicnm
1059 2133 1142 2209 tueri

148 2257 262 2320 luntre
290 2255 392 2320 conati
419 2266 507 2331 sunt,
541 2267 577 2319 ut
605 2267 769 2321 caveretur
787 2278 806 2320 a
826 2255 990 2340 despoticis
1012 2256 1136 2329 formis,

148 2368 224 2432 item
245 2390 287 2432 ne
304 2367 554 2451 deprimerentur
579 2357 788 2449 parlamenta3
822 2358 960 2451 quorum
985 2367 1063 2432 adeo
1081 2390 1145 2452 pa-

149 2478 232 2543 troni
255 2476 382 2542 tandem
399 2476 473 2541 victi
497 2473 630 2563 (1771),
647 2497 711 2541 non
738 2477 905 2540 infeliciter
931 2477 1143 2555 demonstrare

149 2589 326 2665 tenuram,
351 2587 436 2673 leges
453 2586 581 2651 violasse
598 2588 720 2650 etmale
739 2586 780 2650 de
799 2587 898 2671 patrid
916 2583 1064 2685 meritum
1078 2610 1144 2652 esse

147 2699 383 2781 cancellarium
401 2721 443 2763 os
458 2697 617 2764 usursou.
646 2698 713 2763 Ildc
730 2688 962 2782 opportunitate
974 2720 1064 2783 saepe
1074 2700 1145 2763 lau-

150 2812 266 2877 dhsunt
283 2813 321 2877 A.
343 2812 381 2876 N.
404 2808 417 2897 (
439 2809 463 2896 )

193 2925 315 2988 luterea
339 2922 437 3008 magis
457 2921 623 3008 magisque
641 2942 741 2987 novae
762 2920 923 2986 doctrinae
946 2922 1063 2986 saeculi
1087 2922 1138 2987 18i

148 3037 231 3098 iuter
250 3054 356 3096 omnes
374 3032 440 3094 fere
461 3030 625 3094 hominum
643 3032 766 3094 ordines
786 3044 930 3114 receptae
950 3045 1048 3096 erant.
1080 3033 1142 3096 Ad·

148 3166 259 3232 parere
281 3143 373 3207 etiam
396 3140 552 3225 coepitio
573 3141 707 3206 consiliis
730 3148 761 3205 et
781 3141 901 3207 actibus
919 3141 1142 3225 imperantium

148 3258 233 3322 illius
254 3253 434 3319 mutationis
448 3252 589 3330 initium,
614 3254 676 3338 qut
696 3253 825 3317 tandem
850 3253 962 3335 evenit,
988 3263 1024 3316 ut
1039 3252 1143 3338 singu-

149 3370 199 3434 lae
222 3387 331 3431 eorum
352 3387 400 3429 res
430 3376 532 3451 gestae
556 3363 696 3448 ejusdem
718 3365 869 3441 momenti
894 3363 1004 3429 fierent
1026 3364 1144 3429 ratione

150 3480 334 3563 disciplinae
353 3477 516 3561 politicae,
540 3487 634 3562 atque
649 3477 721 3542 libri
740 3488 830 3542 antea
846 3480 971 3543 fuerant
993 3487 1023 3542 et
1043 3487 1144 3565 syste·
1237 3523 1241 3528 -

149 3601 244 3656 mata.
284 3590 392 3670 Quum
410 3590 483 3651 verb
505 3588 624 3673 primae
644 3590 751 3677 legum
772 3591 1004 3658 emendationes
1027 3590 1141 3672 princi-

184 3888 224 3957 (1)
241 3890 374 3950 hosonio,
393 3891 445 3937 Sur
458 3888 482 3934 ts
498 3895 690 3952 presummat
707 3887 772 3933 dota
782 3885 902 3952 Pelagus,
920 3902 942 3933 e.
954 3888 976 3945 l,
987 3886 1013 3943 t,
1027 3886 1053 3948 6,
1062 3884 1089 3947 7,
1102 3889 1141 3933 rt,

184 3977 223 4047 (Β)
241 3981 367 4029 Maximus
386 3979 417 4027 ds
430 3979 499 4027 droit
508 3979 599 4043 pellic
612 3978 747 4039 Praxean,
759 3993 781 4024 v.
803 3977 829 4039 l,
847 3992 872 4041 p.
886 3977 923 4039 11,
942 3977 1066 4042 paplll,
1081 3977 1139 4026 174,

5 4126 12 4140 ἱ
69 4127 85 4137 x>
150 4069 257 4134 ww.
276 4071 358 4134 ll,p.
378 4070 430 4129 lll,
456 4084 510 4132 pag.
528 4070 571 4116 st.
608 4067 645 4114 Gt.
667 4079 791 4133 inertior,
821 4068 879 4116 Zur
906 4068 1069 4133 Vermittlrmp
1098 4069 1142 4117 der

152 4161 270 4211 Extrema
287 4160 378 4226 (llrrlin
396 4158 482 4222 teas),
501 4175 524 4208 r.
544 4159 569 4218 l,
590 4173 643 4223 pag.
662 4160 721 4207 282.
