2892 5042
789 527 850 587 112

315 709 323 721 ’
372 704 514 769 Erroneis
529 705 625 791 igitur
645 705 684 767 de
703 706 794 770 luxds
805 707 915 769 naturis
934 716 964 769 et
984 705 1120 770 efficeoiti
1137 701 1316 768 notionibus

325 839 430 884 ansam
456 817 597 903 praebuit
623 816 677 882 illa
703 819 901 883 oeconomiae
920 830 950 882 et
966 818 1148 903 prudentiae
1171 816 1318 901 politicae

326 930 474 995 confusio.
504 932 613 1015 Neque
633 929 686 994 hic
704 923 852 996 subsistit.

369 1043 485 1106 Eodem
512 1043 597 1117 loco,
622 1042 677 1105 ubi
701 1053 824 1106 arctum
843 1042 921 1106 adeo
940 1042 1102 1107 vinculum
1122 1061 1189 1103 esse
1207 1042 1315 1103 statuit

325 1157 406 1219 inter
427 1176 529 1217 rerum
550 1154 780 1238 superfluarum
799 1155 920 1239 copiam
937 1165 969 1218 et
987 1155 1120 1217 sormam
1137 1151 1313 1238 regiminis,

325 1268 366 1333 de
383 1268 506 1354 legibus
526 1268 706 1330 summariis
728 1268 772 1332 ita
793 1268 942 1353 loquitur,
961 1287 998 1330 ac
1016 1267 1041 1330 si
1060 1266 1170 1330 reveri
1183 1266 1316 1351 legum-

325 1381 430 1446 latoris
450 1389 481 1441 et
502 1380 685 1463 imperantis
710 1380 867 1457 esset,·de
887 1382 1044 1445 mercibus
1063 1378 1264 1444 conficiendis
1284 1389 1316 1440 et

325 1492 542 1561 consumendis
560 1493 631 1579 lege
647 1504 791 1559 statuere.
821 1494 913 1575 Quod
925 1505 1031 1557 tamen
1049 1514 1165 1578 magno
1181 1492 1251 1555 sine
1261 1492 1314 1555 de-

325 1610 473 1672 trimento
489 1604 556 1668 fieri
578 1606 709 1690 nequit3
725 1627 940 1692 necunquam
961 1606 1005 1669 ita
1017 1604 1224 1669 statuentibus
1234 1605 1316 1679 beno

325 1719 425 1793 cessit,
445 1717 580 1799 exceptis
593 1718 910 1781 Lacedaemoniorum
931 1718 1063 1804 legibus,
1083 1717 1201 1802 quibus
1214 1717 1312 1780 omnis

324 1829 493 1894 tollebatur
509 1828 677 1906 industria,
698 1827 776 1892 adeo
794 1841 830 1893 nt
848 1831 1005 1894 fortunati
1028 1831 1220 1915 reipublicae
1238 1851 1314 1894 con-

268 2001 272 2008 ,
324 1942 441 2008 ditione
459 1941 519 2005 sibi
539 1942 625 2026 parti
644 1943 867 2028 gloriarentur,
889 1964 986 2028 quam
1001 1943 1115 2027 reliqui
1134 1943 1239 2027 populi
1252 1964 1311 2007 ceu

325 2057 468 2121 ultimam
489 2055 644 2119 miseriam
664 2057 818 2120 timerent.
861 2056 1024 2141 Ceteroqui
1058 2076 1197 2140 semper,
1226 2053 1310 2117 brevi

323 2179 490 2253 postquam
501 2167 581 2230 latae
597 2177 706 2243 essent,
723 2169 853 2251 impune
864 2167 971 2232 violari
989 2178 1116 2251 coeptae
1136 2178 1209 2231 sunt
1228 2168 1309 2253 leges

324 2279 522 2343 sumtuariae.
555 2277 662 2358 Quid?
683 2278 785 2363 quod,
809 2281 930 2344 etiamsi
950 2281 987 2343 iis
1009 2281 1254 2366 obsequerentur
1269 2283 1310 2345 ci·

323 2413 390 2467 ree,
410 2389 537 2474 plurimi
556 2400 659 2453 umen
681 2401 797 2470 essent,
818 2393 872 2478 qui
886 2394 967 2458 ultra
981 2394 1060 2457 vires
1082 2394 1306 2478 expenderent,

324 2505 370 2567 rel
399 2503 484 2567 noris
504 2504 651 2581 inventis,
674 2526 756 2590 quae
785 2527 848 2569 non
877 2489 1074 2591 praevidisset
1099 2509 1166 2586 lex,
1198 2519 1308 2571 sortem

323 2638 409 2682 suam
428 2617 641 2702 dilapidarent.
676 2620 935 2696 Monrnsanvms
955 2622 990 2683 in
1009 2619 1197 2686 monarchiis
1206 2620 1308 2684 noxias

322 2732 476 2795 existimat
494 2732 580 2817 leges
599 2732 800 2809 sumtuarias,
827 2734 901 2817 quia
917 2734 1004 2797 luxui
1024 2734 1068 2798 ibi
1084 2736 1189 2818 potius
1204 2736 1306 2798 faven-

322 2843 397 2905 dum
423 2841 573 2905 rideatur.
618 2843 764 2906 Universc
784 2847 858 2907 verb
879 2845 911 2908 id
929 2849 1057 2931 probat,
1078 2831 1164 2934 quod
1184 2850 1305 2932 impro-

321 2950 459 3016 bandum
479 2952 600 3028 fuisset,
626 2964 717 3036 puta,
745 2954 964 3038 imperantium
984 2982 1092 3026 curam
1119 2962 1159 3028 ad
1186 2960 1301 3025 sumtus

321 3064 510 3152 privatorum
530 3064 653 3129 extendi
671 3062 728 3151 (1).

798 3250 875 3316 2..

364 3400 461 3465 ttulit
491 3387 583 3486 porro
613 3402 785 3466 eruditione
821 3406 983 3492 multoque
1017 3410 1122 3475 labore
1158 3436 1231 3478 usus
1262 3426 1305 3478 est
1372 3405 1379 3412 ⁸

319 3514 454 3588 Auctor,
487 3525 522 3576 ut
548 3524 774 3591 recreatores,
806 3538 861 3580 seu
880 3521 982 3603 potius
1000 3524 1203 3611 navigationis
1223 3526 1303 3612 apud

526 3669 570 3677 —u

317 3746 459 3814 pauvrete.''
485 3748 589 3816 Namque
609 3753 759 3820 onera-ilia,
784 3753 874 3820 quibus
901 3775 922 3806 e.
945 3774 968 3823 g.
994 3761 1094 3810 Athenis
1117 3762 1204 3813 divites
1226 3782 1304 3814 omnes

317 3851 492 3906 premerentur,
517 3842 689 3911 impediebant,
718 3850 843 3913 quominus
865 3860 941 3898 sortes
966 3868 1017 3900 suas
1040 3855 1125 3920 opibus
1148 3855 1304 3921 producendis

316 3933 452 3997 impendere
468 3933 543 3985 libere
561 3947 664 4001 possent.
695 3941 726 3989 V.
745 3942 855 4007 inprimis
869 3943 1011 4009 Xenortmn,
1031 3949 1086 3995 Oce.
1105 3964 1126 3996 c.
1140 3948 1172 3995 ΙΙ.
1190 3950 1297 4016 §tr-t.

349 4021 387 4089 (1)
402 4024 439 4071 Cf.
449 4027 505 4089 Set,
517 4030 596 4077 Ooure
609 4032 725 4097 eontplct,
744 4048 768 4096 p.
781 4034 836 4094 vlt,
855 4052 876 4084 e.
891 4036 924 4082 te
936 4037 968 4100 (r.
983 4035 1019 4083 ΙΙΙ
1024 4019 1038 4100 ‚i
1048 4053 1101 4102 pig.
1110 4037 1181 4106 310).
1201 4039 1302 4087 Drsrnrr

314 4124 344 4158 nr
360 4123 450 4179 riter,
468 4119 557 4167 Omen.
576 4121 603 4183 1,
628 4138 682 4186 pag.
702 4125 751 4172 too
769 4142 821 4191 sqq.
859 4128 893 4175 E.
911 4130 935 4175 tt.
955 4129 983 4175 L.
1003 4128 1057 4178 vti.
1077 4133 1108 4194 2,
1127 4132 1151 4180 fi.
1178 4131 1299 4198 Priame,

314 4200 371 4253 diss.
388 4203 431 4252 cit.
449 4217 501 4268 pag.
521 4208 562 4269 17,
582 4210 616 4256 02
634 4228 685 4278 sqq.
