<?xml version="1.0" encoding="UTF-8"?>
<!DOCTYPE html PUBLIC "-//W3C//DTD XHTML 1.0 Transitional//EN"
    "http://www.w3.org/TR/xhtml1/DTD/xhtml1-transitional.dtd">
<html xmlns="http://www.w3.org/1999/xhtml" xml:lang="en" lang="en">
 <head>
  <title>
</title>
<meta http-equiv="Content-Type" content="text/html;charset=utf-8" />
  <meta name='ocr-system' content='tesseract 3.04.00' />
  <meta name='ocr-capabilities' content='ocr_page ocr_carea ocr_par ocr_line ocrx_word'/>
</head>
<body>
  <div class='ocr_page' id='page_1' title='image "./speciminisinaug00heemgoog_0099.png"; bbox 0 0 2892 5042; ppageno 0'>
   <div class='ocr_carea' id='block_1_1' title="bbox 596 538 637 604">
    <p class='ocr_par' dir='ltr' id='par_1_1' title="bbox 596 538 637 604">
     <span class='ocr_line' id='line_1_1' title="bbox 596 538 637 604; baseline 0 0"><span class='ocrx_word' id='word_1_1' title='bbox 596 538 637 604; x_wconf 74' lang='lat'><strong>7⁷</strong></span> 
     </span>
    </p>
   </div>
   <div class='ocr_carea' id='block_1_2' title="bbox 26 718 1184 2823">
    <p class='ocr_par' dir='ltr' id='par_1_2' title="bbox 26 718 1184 2823">
     <span class='ocr_line' id='line_1_2' title="bbox 118 718 1107 809; baseline 0.002 -26"><span class='ocrx_word' id='word_1_2' title='bbox 118 721 232 785; x_wconf 86' lang='lat' dir='ltr'><strong>rationi</strong></span> <span class='ocrx_word' id='word_1_3' title='bbox 240 721 397 800; x_wconf 83' lang='lat' dir='ltr'><strong>intexunt3</strong></span> <span class='ocrx_word' id='word_1_4' title='bbox 417 721 539 787; x_wconf 87' lang='lat' dir='ltr'><strong>horrida</strong></span> <span class='ocrx_word' id='word_1_5' title='bbox 553 725 595 786; x_wconf 86' lang='lat' dir='ltr'><strong>vis</strong></span> <span class='ocrx_word' id='word_1_6' title='bbox 606 718 781 800; x_wconf 85' lang='lat' dir='ltr'><strong>doctrinae,</strong></span> <span class='ocrx_word' id='word_1_7' title='bbox 799 724 863 809; x_wconf 75' lang='lat' dir='ltr'><strong>qua</strong></span> <span class='ocrx_word' id='word_1_8' title='bbox 880 741 1107 807; x_wconf 86' lang='lat' dir='ltr'><strong>nonnunquam</strong></span> 
     </span>
     <span class='ocr_line' id='line_1_3' title="bbox 118 830 1108 924; baseline 0.004 -32"><span class='ocrx_word' id='word_1_9' title='bbox 118 832 270 895; x_wconf 89' lang='lat' dir='ltr'><strong>lectorem</strong></span> <span class='ocrx_word' id='word_1_10' title='bbox 301 830 432 919; x_wconf 84' lang='lat' dir='ltr'><strong>fatigant</strong></span> <span class='ocrx_word' id='word_1_11' title='bbox 463 845 522 900; x_wconf 89' lang='lat' dir='ltr'><strong>etc.</strong></span> <span class='ocrx_word' id='word_1_12' title='bbox 554 831 613 924; x_wconf 86' lang='grc'>(1).</span> <span class='ocrx_word' id='word_1_13' title='bbox 662 835 730 900; x_wconf 85' lang='lat' dir='ltr'><strong>Hae</strong></span> <span class='ocrx_word' id='word_1_14' title='bbox 749 834 903 922; x_wconf 81' lang='lat' dir='ltr'><strong>Epistolae</strong></span> <span class='ocrx_word' id='word_1_15' title='bbox 928 834 1108 923; x_wconf 63' lang='lat' dir='ltr'><strong>breuissime</strong></span> 
     </span>
     <span class='ocr_line' id='line_1_4' title="bbox 117 945 1105 1032; baseline 0.005 -26"><span class='ocrx_word' id='word_1_16' title='bbox 117 954 258 1028; x_wconf 82' lang='lat' dir='ltr'><strong>tempore</strong></span> <span class='ocrx_word' id='word_1_17' title='bbox 284 955 357 1009; x_wconf 86' lang='lat' dir='ltr'><strong>ante</strong></span> <span class='ocrx_word' id='word_1_18' title='bbox 380 968 611 1024; x_wconf 77' lang='lat' dir='ltr'><strong>norrssourvrr</strong></span> <span class='ocrx_word' id='word_1_19' title='bbox 635 947 932 1016; x_wconf 79' lang='lat' dir='ltr'><strong>Considsrotiones</strong></span> <span class='ocrx_word' id='word_1_20' title='bbox 952 945 1105 1032; x_wconf 74' lang='lat' dir='ltr'><strong>prodiere.</strong></span> 
     </span>
     <span class='ocr_line' id='line_1_5' title="bbox 117 1054 1106 1145; baseline 0.004 -28"><span class='ocrx_word' id='word_1_21' title='bbox 117 1054 248 1140; x_wconf 87' lang='lat' dir='ltr'><strong>ltaque,</strong></span> <span class='ocrx_word' id='word_1_22' title='bbox 271 1056 295 1119; x_wconf 92' lang='lat' dir='ltr'><strong>si</strong></span> <span class='ocrx_word' id='word_1_23' title='bbox 314 1058 491 1142; x_wconf 87' lang='lat' dir='ltr'><strong>quaeritur,</strong></span> <span class='ocrx_word' id='word_1_24' title='bbox 515 1058 589 1145; x_wconf 92' lang='lat' dir='ltr'><strong>quid</strong></span> <span class='ocrx_word' id='word_1_25' title='bbox 610 1060 644 1123; x_wconf 90' lang='lat' dir='ltr'><strong>in</strong></span> <span class='ocrx_word' id='word_1_26' title='bbox 663 1059 724 1125; x_wconf 91' lang='lat' dir='ltr'><strong>hoc</strong></span> <span class='ocrx_word' id='word_1_27' title='bbox 746 1059 902 1125; x_wconf 91' lang='lat' dir='ltr'><strong>scrihendi</strong></span> <span class='ocrx_word' id='word_1_28' title='bbox 923 1079 1037 1145; x_wconf 82' lang='lat' dir='ltr'>genere</span> <span class='ocrx_word' id='word_1_29' title='bbox 1053 1057 1106 1121; x_wconf 88' lang='lat' dir='ltr'><strong>de·</strong></span> 
     </span>
     <span class='ocr_line' id='line_1_6' title="bbox 113 1166 1106 1258; baseline 0.003 -28"><span class='ocrx_word' id='word_1_30' title='bbox 113 1166 305 1232; x_wconf 90' lang='lat' dir='ltr'><strong>sideraretur</strong></span> <span class='ocrx_word' id='word_1_31' title='bbox 329 1181 402 1234; x_wconf 86' lang='lat' dir='ltr'><strong>ante</strong></span> <span class='ocrx_word' id='word_1_32' title='bbox 419 1193 648 1249; x_wconf 78' lang='lat' dir='ltr'><strong>uorrnsanrrr</strong></span> <span class='ocrx_word' id='word_1_33' title='bbox 666 1194 743 1258; x_wconf 91' lang='lat' dir='ltr'><strong>opus</strong></span> <span class='ocrx_word' id='word_1_34' title='bbox 761 1173 801 1238; x_wconf 90' lang='lat' dir='ltr'><strong>de</strong></span> <span class='ocrx_word' id='word_1_35' title='bbox 820 1171 984 1258; x_wconf 77' lang='lat' dir='ltr'><strong>splendore</strong></span> <span class='ocrx_word' id='word_1_36' title='bbox 1002 1183 1033 1236; x_wconf 90' lang='lat' dir='ltr'><strong>et</strong></span> <span class='ocrx_word' id='word_1_37' title='bbox 1057 1171 1106 1233; x_wconf 90' lang='lat' dir='ltr'><strong>in-</strong></span> 
     </span>
     <span class='ocr_line' id='line_1_7' title="bbox 110 1279 1106 1369; baseline 0.006 -28"><span class='ocrx_word' id='word_1_38' title='bbox 110 1279 212 1343; x_wconf 82' lang='lat' dir='ltr'><strong>teritu</strong></span> <span class='ocrx_word' id='word_1_39' title='bbox 235 1281 281 1345; x_wconf 89' lang='lat' dir='ltr'><strong>rei</strong></span> <span class='ocrx_word' id='word_1_40' title='bbox 301 1283 460 1347; x_wconf 85' lang='lat' dir='ltr'><strong>Romanae</strong></span> <span class='ocrx_word' id='word_1_41' title='bbox 483 1283 618 1361; x_wconf 88' lang='lat' dir='ltr'><strong>editum,</strong></span> <span class='ocrx_word' id='word_1_42' title='bbox 651 1284 902 1369; x_wconf 87' lang='lat' dir='ltr'><strong>respondendum</strong></span> <span class='ocrx_word' id='word_1_43' title='bbox 936 1283 1008 1348; x_wconf 89' lang='lat' dir='ltr'><strong>erit:</strong></span> <span class='ocrx_word' id='word_1_44' title='bbox 1044 1285 1106 1347; x_wconf 85' lang='lat' dir='ltr'><strong>»Ea</strong></span> 
     </span>
     <span class='ocr_line' id='line_1_8' title="bbox 114 1386 1104 1480; baseline 0.007 -27"><span class='ocrx_word' id='word_1_45' title='bbox 114 1389 353 1456; x_wconf 72' lang='lat' dir='ltr'><strong>desiderabatur</strong></span> <span class='ocrx_word' id='word_1_46' title='bbox 382 1393 594 1480; x_wconf 88' lang='lat' dir='ltr'><strong>philosophica</strong></span> <span class='ocrx_word' id='word_1_47' title='bbox 629 1395 774 1462; x_wconf 79' lang='lat' dir='ltr'><strong>historiae</strong></span> <span class='ocrx_word' id='word_1_48' title='bbox 804 1396 972 1462; x_wconf 73' lang='lat' dir='ltr'><strong>tradendae</strong></span> <span class='ocrx_word' id='word_1_49' title='bbox 1008 1386 1104 1471; x_wconf 60' lang='lat' dir='ltr'><strong>ratio}</strong></span> 
     </span>
     <span class='ocr_line' id='line_1_9' title="bbox 112 1503 1104 1594; baseline 0.001 -26"><span class='ocrx_word' id='word_1_50' title='bbox 112 1503 182 1589; x_wconf 74' lang='lat' dir='ltr'><strong>qud</strong></span> <span class='ocrx_word' id='word_1_51' title='bbox 199 1504 344 1588; x_wconf 86' lang='lat' dir='ltr'><strong>adpareat</strong></span> <span class='ocrx_word' id='word_1_52' title='bbox 358 1506 512 1591; x_wconf 79' lang='lat' dir='ltr'><strong>practicus</strong></span> <span class='ocrx_word' id='word_1_53' title='bbox 536 1530 610 1571; x_wconf 90' lang='lat' dir='ltr'><strong>usus</strong></span> <span class='ocrx_word' id='word_1_54' title='bbox 626 1507 817 1593; x_wconf 78' lang='lat' dir='ltr'><strong>antiquitatis</strong></span> <span class='ocrx_word' id='word_1_55' title='bbox 838 1506 1104 1594; x_wconf 86' lang='lat' dir='ltr'><strong>cognoscendae.’&#39;</strong></span> 
     </span>
     <span class='ocr_line' id='line_1_10' title="bbox 161 1617 1106 1699; baseline 0.002 -18"><span class='ocrx_word' id='word_1_56' title='bbox 161 1617 342 1697; x_wconf 84' lang='lat' dir='ltr'><strong>Tacendum</strong></span> <span class='ocrx_word' id='word_1_57' title='bbox 368 1619 442 1682; x_wconf 82' lang='lat' dir='ltr'><strong>rcrh</strong></span> <span class='ocrx_word' id='word_1_58' title='bbox 465 1631 611 1699; x_wconf 86' lang='lat' dir='ltr'><strong>nonest,</strong></span> <span class='ocrx_word' id='word_1_59' title='bbox 635 1641 737 1685; x_wconf 87' lang='lat' dir='ltr'><strong>unum</strong></span> <span class='ocrx_word' id='word_1_60' title='bbox 760 1618 909 1683; x_wconf 81' lang='lat' dir='ltr'><strong>duntaxat</strong></span> <span class='ocrx_word' id='word_1_61' title='bbox 927 1617 1016 1681; x_wconf 90' lang='lat' dir='ltr'><strong>initio</strong></span> <span class='ocrx_word' id='word_1_62' title='bbox 1037 1640 1106 1683; x_wconf 89' lang='lat' dir='ltr'><strong>sae·</strong></span> 
     </span>
     <span class='ocr_line' id='line_1_11' title="bbox 112 1727 1104 1815; baseline 0 -21"><span class='ocrx_word' id='word_1_63' title='bbox 112 1727 182 1794; x_wconf 85' lang='lat' dir='ltr'><strong>culi</strong></span> <span class='ocrx_word' id='word_1_64' title='bbox 208 1733 269 1795; x_wconf 69' lang='lat'><strong>18³.</strong></span> <span class='ocrx_word' id='word_1_65' title='bbox 290 1729 518 1815; x_wconf 74' lang='lat' dir='ltr'><strong>philosophiam</strong></span> <span class='ocrx_word' id='word_1_66' title='bbox 534 1731 685 1797; x_wconf 86' lang='lat' dir='ltr'><strong>historiae</strong></span> <span class='ocrx_word' id='word_1_67' title='bbox 699 1732 886 1808; x_wconf 80' lang='lat' dir='ltr'><strong>excoluisse,</strong></span> <span class='ocrx_word' id='word_1_68' title='bbox 910 1751 1023 1815; x_wconf 85' lang='lat' dir='ltr'><strong>nempe</strong></span> <span class='ocrx_word' id='word_1_69' title='bbox 1038 1730 1104 1794; x_wconf 90' lang='lat' dir='ltr'><strong>lau-</strong></span> 
     </span>
     <span class='ocr_line' id='line_1_12' title="bbox 110 1841 1103 1929; baseline 0.001 -24"><span class='ocrx_word' id='word_1_70' title='bbox 110 1841 223 1906; x_wconf 85' lang='lat' dir='ltr'><strong>datum</strong></span> <span class='ocrx_word' id='word_1_71' title='bbox 242 1843 358 1927; x_wconf 83' lang='lat' dir='ltr'><strong>magis,</strong></span> <span class='ocrx_word' id='word_1_72' title='bbox 382 1864 478 1929; x_wconf 89' lang='lat' dir='ltr'><strong>quam</strong></span> <span class='ocrx_word' id='word_1_73' title='bbox 498 1844 617 1910; x_wconf 86' lang='lat' dir='ltr'><strong>lectum</strong></span> <span class='ocrx_word' id='word_1_74' title='bbox 643 1845 736 1909; x_wconf 89' lang='lat' dir='ltr'><strong>illum</strong></span> <span class='ocrx_word' id='word_1_75' title='bbox 755 1866 903 1911; x_wconf 81' lang='lat' dir='ltr'><strong>sosrnsrr</strong></span> <span class='ocrx_word' id='word_1_76' title='bbox 926 1865 1103 1908; x_wconf 76' lang='lat' dir='ltr'><strong>asrrrsrnrr</strong></span> 
     </span>
     <span class='ocr_line' id='line_1_13' title="bbox 103 1953 1104 2041; baseline -0.004 -21"><span class='ocrx_word' id='word_1_77' title='bbox 103 1976 203 2020; x_wconf 72' lang='lat' dir='ltr'><strong>rico.</strong></span> <span class='ocrx_word' id='word_1_78' title='bbox 238 1955 297 2020; x_wconf 91' lang='lat' dir='ltr'><strong>Hic</strong></span> <span class='ocrx_word' id='word_1_79' title='bbox 317 1955 419 2031; x_wconf 89' lang='lat' dir='ltr'><strong>enim,</strong></span> <span class='ocrx_word' id='word_1_80' title='bbox 438 1976 545 2041; x_wconf 75' lang='lat' dir='ltr'><strong>¹quum</strong></span> <span class='ocrx_word' id='word_1_81' title='bbox 559 1956 730 2040; x_wconf 19' lang='lat' dir='ltr'><strong>jamqanno</strong></span> <span class='ocrx_word' id='word_1_82' title='bbox 757 1959 843 2022; x_wconf 83' lang='lat'>1700</span> <span class='ocrx_word' id='word_1_83' title='bbox 862 1954 1027 2020; x_wconf 81' lang='lat' dir='ltr'><strong>consilium</strong></span> <span class='ocrx_word' id='word_1_84' title='bbox 1045 1953 1104 2018; x_wconf 92' lang='lat' dir='ltr'><strong>sibi</strong></span> 
     </span>
     <span class='ocr_line' id='line_1_14' title="bbox 114 2064 1102 2152; baseline -0.004 -22"><span class='ocrx_word' id='word_1_85' title='bbox 114 2067 310 2130; x_wconf 83' lang='lat' dir='ltr'><strong>informasset</strong></span> <span class='ocrx_word' id='word_1_86' title='bbox 347 2077 478 2131; x_wconf 90' lang='lat' dir='ltr'><strong>cunctas</strong></span> <span class='ocrx_word' id='word_1_87' title='bbox 512 2066 689 2151; x_wconf 86' lang='lat' dir='ltr'><strong>disciplinas</strong></span> <span class='ocrx_word' id='word_1_88' title='bbox 727 2067 761 2130; x_wconf 92' lang='lat' dir='ltr'><strong>in</strong></span> <span class='ocrx_word' id='word_1_89' title='bbox 798 2088 893 2131; x_wconf 92' lang='lat' dir='ltr'><strong>unam</strong></span> <span class='ocrx_word' id='word_1_90' title='bbox 909 2064 1102 2152; x_wconf 77' lang='lat' dir='ltr'><strong>redigendi,</strong></span> 
     </span>
     <span class='ocr_line' id='line_1_15' title="bbox 102 2176 1103 2273; baseline 0 -30"><span class='ocrx_word' id='word_1_91' title='bbox 102 2200 198 2243; x_wconf 91' lang='lat' dir='ltr'><strong>-anno</strong></span> <span class='ocrx_word' id='word_1_92' title='bbox 232 2181 318 2243; x_wconf 84' lang='lat'>1725</span> <span class='ocrx_word' id='word_1_93' title='bbox 353 2177 484 2263; x_wconf 84' lang='lat' dir='ltr'><strong>Neapoli</strong></span> <span class='ocrx_word' id='word_1_94' title='bbox 519 2177 636 2264; x_wconf 87' lang='lat' dir='ltr'><strong>prodiit</strong></span> <span class='ocrx_word' id='word_1_95' title='bbox 661 2180 765 2264; x_wconf 87' lang='lat' dir='ltr'><strong>prima</strong></span> <span class='ocrx_word' id='word_1_96' title='bbox 796 2179 897 2265; x_wconf 89' lang='lat' dir='ltr'><strong>operis</strong></span> <span class='ocrx_word' id='word_1_97' title='bbox 916 2176 1103 2273; x_wconf 53' lang='lat' dir='ltr'><strong>x(Pru&#39;ocipj</strong></span> 
     </span>
     <span class='ocr_line' id='line_1_16' title="bbox 113 2287 1102 2378; baseline -0.003 -23"><span class='ocrx_word' id='word_1_98' title='bbox 113 2290 218 2355; x_wconf 76' lang='lat' dir='ltr'><strong>d&#39;rrrra</strong></span> <span class='ocrx_word' id='word_1_99' title='bbox 237 2293 370 2355; x_wconf 69' lang='lat' dir='ltr'><strong>selenae</strong></span> <span class='ocrx_word' id='word_1_100' title='bbox 391 2287 509 2377; x_wconf 80' lang='lat' dir='ltr'><strong>nuova)</strong></span> <span class='ocrx_word' id='word_1_101' title='bbox 533 2290 645 2367; x_wconf 91' lang='lat' dir='ltr'><strong>editio,</strong></span> <span class='ocrx_word' id='word_1_102' title='bbox 669 2311 751 2376; x_wconf 90' lang='lat' dir='ltr'><strong>quae</strong></span> <span class='ocrx_word' id='word_1_103' title='bbox 764 2290 861 2378; x_wconf 85' lang='lat' dir='ltr'><strong>igitur</strong></span> <span class='ocrx_word' id='word_1_104' title='bbox 876 2310 1102 2368; x_wconf 77' lang='lat' dir='ltr'><strong>nonensourrrr</strong></span> 
     </span>
     <span class='ocr_line' id='line_1_17' title="bbox 26 2394 1103 2497; baseline 0 -30"><span class='ocrx_word' id='word_1_105' title='bbox 26 2394 31 2407; x_wconf 23' lang='grc' dir='ltr'><strong>Χ</strong></span> <span class='ocrx_word' id='word_1_106' title='bbox 111 2424 208 2488; x_wconf 93' lang='lat' dir='ltr'><strong>opere</strong></span> <span class='ocrx_word' id='word_1_107' title='bbox 227 2414 274 2467; x_wconf 89' lang='lat' dir='ltr'><strong>est</strong></span> <span class='ocrx_word' id='word_1_108' title='bbox 295 2403 453 2490; x_wconf 85' lang='lat' dir='ltr'><strong>antiquior</strong></span> <span class='ocrx_word' id='word_1_109' title='bbox 476 2401 535 2493; x_wconf 80' lang='lat'><strong>(2).</strong></span> <span class='ocrx_word' id='word_1_110' title='bbox 582 2404 621 2466; x_wconf 83' lang='lat' dir='ltr'><strong>Et</strong></span> <span class='ocrx_word' id='word_1_111' title='bbox 643 2424 826 2489; x_wconf 86' lang='lat' dir='ltr'><strong>quanquam</strong></span> <span class='ocrx_word' id='word_1_112' title='bbox 848 2403 906 2467; x_wconf 85' lang='lat' dir='ltr'><strong>rite</strong></span> <span class='ocrx_word' id='word_1_113' title='bbox 932 2425 1002 2467; x_wconf 89' lang='lat' dir='ltr'><strong>suas</strong></span> <span class='ocrx_word' id='word_1_114' title='bbox 1030 2424 1103 2497; x_wconf 83' lang='lat' dir='ltr'><strong>sen-</strong></span> 
     </span>
     <span class='ocr_line' id='line_1_18' title="bbox 102 2511 1101 2603; baseline 0.005 -30"><span class='ocrx_word' id='word_1_115' title='bbox 102 2515 225 2580; x_wconf 80' lang='lat' dir='ltr'><strong>tentias</strong></span> <span class='ocrx_word' id='word_1_116' title='bbox 252 2515 488 2581; x_wconf 65' lang='lat' dir='ltr'><strong>tentationum</strong></span> <span class='ocrx_word' id='word_1_117' title='bbox 508 2514 643 2579; x_wconf 87' lang='lat' dir='ltr'><strong>editione</strong></span> <span class='ocrx_word' id='word_1_118' title='bbox 666 2511 780 2603; x_wconf 83' lang='lat'>(1744)</span> <span class='ocrx_word' id='word_1_119' title='bbox 806 2514 988 2600; x_wconf 85' lang='lat' dir='ltr'><strong>explicuerit</strong></span> <span class='ocrx_word' id='word_1_120' title='bbox 1008 2536 1101 2592; x_wconf 77' lang='lat' dir='ltr'><strong>rico,</strong></span> 
     </span>
     <span class='ocr_line' id='line_1_19' title="bbox 101 2624 1102 2713; baseline -0.001 -24"><span class='ocrx_word' id='word_1_121' title='bbox 101 2648 199 2713; x_wconf 36' lang='lat' dir='ltr'><strong>*quae</strong></span> <span class='ocrx_word' id='word_1_122' title='bbox 237 2627 340 2688; x_wconf 79' lang='lat' dir='ltr'><strong>multh</strong></span> <span class='ocrx_word' id='word_1_123' title='bbox 370 2625 502 2710; x_wconf 86' lang='lat' dir='ltr'><strong>amplior</strong></span> <span class='ocrx_word' id='word_1_124' title='bbox 534 2636 595 2701; x_wconf 87' lang='lat' dir='ltr'><strong>est,</strong></span> <span class='ocrx_word' id='word_1_125' title='bbox 633 2624 717 2689; x_wconf 91' lang='lat' dir='ltr'><strong>idem</strong></span> <span class='ocrx_word' id='word_1_126' title='bbox 755 2636 861 2688; x_wconf 84' lang='lat' dir='ltr'><strong>tamen</strong></span> <span class='ocrx_word' id='word_1_127' title='bbox 897 2625 931 2688; x_wconf 92' lang='lat' dir='ltr'><strong>in</strong></span> <span class='ocrx_word' id='word_1_128' title='bbox 970 2625 1102 2709; x_wconf 77' lang='lat' dir='ltr'><strong>utrique</strong></span> 
     </span>
     <span class='ocr_line' id='line_1_20' title="bbox 53 2712 1184 2823; baseline -0.006 -18"><span class='ocrx_word' id='word_1_129' title='bbox 53 2775 61 2786; x_wconf 87' lang='lat'><strong>·</strong></span> <span class='ocrx_word' id='word_1_130' title='bbox 110 2738 255 2805; x_wconf 78' lang='lat' dir='ltr'><strong>cernitur</strong></span> <span class='ocrx_word' id='word_1_131' title='bbox 276 2735 369 2801; x_wconf 89' lang='lat' dir='ltr'><strong>studii</strong></span> <span class='ocrx_word' id='word_1_132' title='bbox 398 2758 506 2823; x_wconf 86' lang='lat' dir='ltr'><strong>genus.</strong></span> <span class='ocrx_word' id='word_1_133' title='bbox 553 2737 627 2799; x_wconf 83' lang='lat' dir='ltr'><strong>Erat</strong></span> <span class='ocrx_word' id='word_1_134' title='bbox 652 2757 727 2799; x_wconf 90' lang='lat' dir='ltr'><strong>sane</strong></span> <span class='ocrx_word' id='word_1_135' title='bbox 747 2735 949 2821; x_wconf 88' lang='lat' dir='ltr'><strong>antiquorum</strong></span> <span class='ocrx_word' id='word_1_136' title='bbox 968 2734 1103 2799; x_wconf 68' lang='lat' dir='ltr'><strong>lentim</strong></span> <span class='ocrx_word' id='word_1_137' title='bbox 1182 2712 1184 2719; x_wconf 21' lang='grc' dir='ltr'>Ι</span> 
     </span>
    </p>
   </div>
   <div class='ocr_carea' id='block_1_3' title="bbox 109 2846 1214 2936">
    <p class='ocr_par' dir='ltr' id='par_1_3' title="bbox 109 2846 1214 2936">
     <span class='ocr_line' id='line_1_21' title="bbox 109 2846 1214 2936; baseline -0.007 -19"><span class='ocrx_word' id='word_1_138' title='bbox 109 2853 249 2918; x_wconf 88' lang='lat' dir='ltr'><strong>nutritus</strong></span> <span class='ocrx_word' id='word_1_139' title='bbox 284 2871 360 2915; x_wconf 90' lang='lat' dir='ltr'><strong>vrco</strong></span> <span class='ocrx_word' id='word_1_140' title='bbox 389 2861 421 2914; x_wconf 86' lang='lat' dir='ltr'><strong>et</strong></span> <span class='ocrx_word' id='word_1_141' title='bbox 450 2848 577 2936; x_wconf 81' lang='lat' dir='ltr'><strong>egregie</strong></span> <span class='ocrx_word' id='word_1_142' title='bbox 610 2847 649 2912; x_wconf 90' lang='lat' dir='ltr'><strong>de</strong></span> <span class='ocrx_word' id='word_1_143' title='bbox 683 2846 809 2912; x_wconf 71' lang='lat' dir='ltr'><strong>historia</strong></span> <span class='ocrx_word' id='word_1_144' title='bbox 840 2847 936 2911; x_wconf 87' lang='lat' dir='ltr'><strong>reteri</strong></span> <span class='ocrx_word' id='word_1_145' title='bbox 968 2847 1099 2923; x_wconf 84' lang='lat' dir='ltr'><strong>meruit,</strong></span> <span class='ocrx_word' id='word_1_146' title='bbox 1210 2910 1214 2919; x_wconf 65' lang='grc'>,</span> 
     </span>
    </p>
   </div>
   <div class='ocr_carea' id='block_1_4' title="bbox 39 2959 1100 3608">
    <p class='ocr_par' dir='ltr' id='par_1_4' title="bbox 39 2959 1100 3608">
     <span class='ocr_line' id='line_1_22' title="bbox 39 2959 1100 3053; baseline -0.007 -22"><span class='ocrx_word' id='word_1_147' title='bbox 39 3049 46 3053; x_wconf 85' lang='lat'><em>.</em></span> <span class='ocrx_word' id='word_1_148' title='bbox 113 2989 142 3033; x_wconf 90' lang='lat' dir='ltr'><strong>e.</strong></span> <span class='ocrx_word' id='word_1_149' title='bbox 166 2987 197 3052; x_wconf 89' lang='lat' dir='ltr'><strong>g.</strong></span> <span class='ocrx_word' id='word_1_150' title='bbox 219 2962 276 3028; x_wconf 89' lang='lat' dir='ltr'><strong>uhi</strong></span> <span class='ocrx_word' id='word_1_151' title='bbox 296 2962 429 3027; x_wconf 85' lang='lat' dir='ltr'><strong>ostendit</strong></span> <span class='ocrx_word' id='word_1_152' title='bbox 452 2972 594 3027; x_wconf 85' lang='lat' dir='ltr'><strong>auctores</strong></span> <span class='ocrx_word' id='word_1_153' title='bbox 610 2961 751 3027; x_wconf 87' lang='lat' dir='ltr'><strong>classicos</strong></span> <span class='ocrx_word' id='word_1_154' title='bbox 767 2959 889 3045; x_wconf 87' lang='lat' dir='ltr'><strong>saepius</strong></span> <span class='ocrx_word' id='word_1_155' title='bbox 910 2982 983 3025; x_wconf 89' lang='lat' dir='ltr'><strong>suae</strong></span> <span class='ocrx_word' id='word_1_156' title='bbox 1001 2960 1100 3047; x_wconf 90' lang='lat' dir='ltr'><strong>gentis</strong></span> 
     </span>
     <span class='ocr_line' id='line_1_23' title="bbox 112 3071 1099 3166; baseline -0.004 -24"><span class='ocrx_word' id='word_1_157' title='bbox 112 3079 247 3166; x_wconf 84' lang='lat' dir='ltr'><strong>origines</strong></span> <span class='ocrx_word' id='word_1_158' title='bbox 268 3077 441 3164; x_wconf 87' lang='lat' dir='ltr'><strong>ignorasse,</strong></span> <span class='ocrx_word' id='word_1_159' title='bbox 466 3095 568 3160; x_wconf 88' lang='lat' dir='ltr'><strong>eoque</strong></span> <span class='ocrx_word' id='word_1_160' title='bbox 589 3074 724 3140; x_wconf 86' lang='lat' dir='ltr'><strong>maxime</strong></span> <span class='ocrx_word' id='word_1_161' title='bbox 745 3073 907 3153; x_wconf 85' lang='lat' dir='ltr'><strong>erravisse,</strong></span> <span class='ocrx_word' id='word_1_162' title='bbox 932 3073 1017 3160; x_wconf 90' lang='lat' dir='ltr'><strong>quod</strong></span> <span class='ocrx_word' id='word_1_163' title='bbox 1034 3071 1099 3139; x_wconf 90' lang='lat' dir='ltr'><strong>he-</strong></span> 
     </span>
     <span class='ocr_line' id='line_1_24' title="bbox 112 3187 1099 3273; baseline -0.005 -17"><span class='ocrx_word' id='word_1_164' title='bbox 112 3212 204 3256; x_wconf 90' lang='lat' dir='ltr'><strong>roum</strong></span> <span class='ocrx_word' id='word_1_165' title='bbox 221 3189 400 3254; x_wconf 88' lang='lat' dir='ltr'><strong>nominibus</strong></span> <span class='ocrx_word' id='word_1_166' title='bbox 420 3189 634 3273; x_wconf 87' lang='lat' dir='ltr'><strong>inopportune</strong></span> <span class='ocrx_word' id='word_1_167' title='bbox 648 3187 776 3251; x_wconf 89' lang='lat' dir='ltr'><strong>annales</strong></span> <span class='ocrx_word' id='word_1_168' title='bbox 791 3198 951 3264; x_wconf 85' lang='lat' dir='ltr'><strong>ornarent3</strong></span> <span class='ocrx_word' id='word_1_169' title='bbox 974 3207 1099 3270; x_wconf 84' lang='lat' dir='ltr'><strong>porros</strong></span> 
     </span>
     <span class='ocr_line' id='line_1_25' title="bbox 111 3295 1100 3390; baseline -0.008 -23"><span class='ocrx_word' id='word_1_170' title='bbox 111 3301 227 3390; x_wconf 82' lang='lat' dir='ltr'><strong>mythis</strong></span> <span class='ocrx_word' id='word_1_171' title='bbox 254 3298 499 3386; x_wconf 87' lang='lat' dir='ltr'><strong>antiquissimam</strong></span> <span class='ocrx_word' id='word_1_172' title='bbox 530 3296 682 3361; x_wconf 90' lang='lat' dir='ltr'><strong>societatis</strong></span> <span class='ocrx_word' id='word_1_173' title='bbox 711 3295 923 3360; x_wconf 88' lang='lat' dir='ltr'><strong>conditionem</strong></span> <span class='ocrx_word' id='word_1_174' title='bbox 947 3296 1100 3379; x_wconf 80' lang='lat' dir='ltr'><strong>explicare</strong></span> 
     </span>
     <span class='ocr_line' id='line_1_26' title="bbox 46 3406 1100 3495; baseline -0.01 -13"><span class='ocrx_word' id='word_1_175' title='bbox 46 3455 50 3461; x_wconf 93' lang='lat'><strong>·</strong></span> <span class='ocrx_word' id='word_1_176' title='bbox 111 3424 240 3483; x_wconf 88' lang='lat' dir='ltr'><strong>conatus</strong></span> <span class='ocrx_word' id='word_1_177' title='bbox 259 3425 314 3478; x_wconf 88' lang='lat' dir='ltr'><strong>est.</strong></span> <span class='ocrx_word' id='word_1_178' title='bbox 346 3414 411 3477; x_wconf 87' lang='lat' dir='ltr'><strong>Nec</strong></span> <span class='ocrx_word' id='word_1_179' title='bbox 423 3410 565 3495; x_wconf 85' lang='lat' dir='ltr'><strong>inprimis</strong></span> <span class='ocrx_word' id='word_1_180' title='bbox 586 3407 777 3495; x_wconf 88' lang='lat' dir='ltr'><strong>spernendae</strong></span> <span class='ocrx_word' id='word_1_181' title='bbox 794 3406 890 3492; x_wconf 91' lang='lat' dir='ltr'><strong>ipsius</strong></span> <span class='ocrx_word' id='word_1_182' title='bbox 901 3406 1100 3492; x_wconf 85' lang='lat' dir='ltr'><strong>conjecturae</strong></span> 
     </span>
     <span class='ocr_line' id='line_1_27' title="bbox 106 3521 1098 3608; baseline -0.006 -14"><span class='ocrx_word' id='word_1_183' title='bbox 106 3531 152 3596; x_wconf 91' lang='lat' dir='ltr'><strong>de</strong></span> <span class='ocrx_word' id='word_1_184' title='bbox 179 3527 274 3592; x_wconf 87' lang='lat' dir='ltr'><strong>initiis</strong></span> <span class='ocrx_word' id='word_1_185' title='bbox 299 3529 526 3601; x_wconf 84' lang='lat' dir='ltr'><strong>Romanorum,</strong></span> <span class='ocrx_word' id='word_1_186' title='bbox 559 3522 599 3587; x_wconf 91' lang='lat' dir='ltr'><strong>de</strong></span> <span class='ocrx_word' id='word_1_187' title='bbox 625 3521 828 3608; x_wconf 85' lang='lat' dir='ltr'><strong>patriciorum</strong></span> <span class='ocrx_word' id='word_1_188' title='bbox 853 3532 884 3586; x_wconf 88' lang='lat' dir='ltr'><strong>et</strong></span> <span class='ocrx_word' id='word_1_189' title='bbox 903 3521 1098 3608; x_wconf 87' lang='lat' dir='ltr'><strong>plchejorum</strong></span> 
     </span>
    </p>
   </div>
   <div class='ocr_carea' id='block_1_5' title="bbox 146 3820 1100 3896">
    <p class='ocr_par' dir='ltr' id='par_1_5' title="bbox 146 3820 1100 3896">
     <span class='ocr_line' id='line_1_28' title="bbox 146 3820 1100 3896; baseline -0.008 -18"><span class='ocrx_word' id='word_1_190' title='bbox 146 3827 182 3896; x_wconf 85' lang='grc'><strong>(1)</strong></span> <span class='ocrx_word' id='word_1_191' title='bbox 209 3828 292 3877; x_wconf 80' lang='lat' dir='ltr'><strong>llum</strong></span> <span class='ocrx_word' id='word_1_192' title='bbox 310 3838 343 3874; x_wconf 85' lang='lat' dir='ltr'><strong>rr.</strong></span> <span class='ocrx_word' id='word_1_193' title='bbox 360 3836 418 3872; x_wconf 82' lang='lat' dir='ltr'><strong>ross</strong></span> <span class='ocrx_word' id='word_1_194' title='bbox 444 3823 505 3874; x_wconf 80' lang='lat' dir='ltr'><strong>Lord</strong></span> <span class='ocrx_word' id='word_1_195' title='bbox 525 3835 706 3888; x_wconf 69' lang='lat' dir='ltr'><strong>retruserant,</strong></span> <span class='ocrx_word' id='word_1_196' title='bbox 735 3824 844 3872; x_wconf 76' lang='lat' dir='ltr'><strong>Briareo</strong></span> <span class='ocrx_word' id='word_1_197' title='bbox 861 3836 918 3870; x_wconf 78' lang='lat' dir='ltr'><strong>onor</strong></span> <span class='ocrx_word' id='word_1_198' title='bbox 936 3822 980 3869; x_wconf 74' lang='lat' dir='ltr'><strong>liet</strong></span> <span class='ocrx_word' id='word_1_199' title='bbox 995 3820 1100 3886; x_wconf 68' lang='lat' dir='ltr'><strong>patruit</strong></span> 
     </span>
    </p>
   </div>
   <div class='ocr_carea' id='block_1_6' title="bbox 111 3911 1115 4078">
    <p class='ocr_par' dir='ltr' id='par_1_6' title="bbox 111 3911 1115 4078">
     <span class='ocr_line' id='line_1_29' title="bbox 111 3911 1115 3986; baseline -0.014 -16"><span class='ocrx_word' id='word_1_200' title='bbox 111 3921 157 3970; x_wconf 80' lang='lat' dir='ltr'><strong>der</strong></span> <span class='ocrx_word' id='word_1_201' title='bbox 171 3917 351 3968; x_wconf 68' lang='lat' dir='ltr'><strong>carchedonis</strong></span> <span class='ocrx_word' id='word_1_202' title='bbox 368 3915 530 3986; x_wconf 76' lang='lat' dir='ltr'><strong>(Austerdarn</strong></span> <span class='ocrx_word' id='word_1_203' title='bbox 549 3914 640 3981; x_wconf 74' lang='lat' dir='ltr'><strong>tres),</strong></span> <span class='ocrx_word' id='word_1_204' title='bbox 658 3913 698 3963; x_wconf 80' lang='lat' dir='ltr'><strong>hr.</strong></span> <span class='ocrx_word' id='word_1_205' title='bbox 717 3915 743 3977; x_wconf 86' lang='lat' dir='ltr'><strong>l,</strong></span> <span class='ocrx_word' id='word_1_206' title='bbox 761 3913 815 3973; x_wconf 81' lang='grc' dir='ltr'><strong>ΠΙ,</strong></span> <span class='ocrx_word' id='word_1_207' title='bbox 833 3911 864 3971; x_wconf 77' lang='lat' dir='ltr'><strong>t,</strong></span> <span class='ocrx_word' id='word_1_208' title='bbox 880 3913 923 3960; x_wconf 87' lang='lat' dir='ltr'><strong>Vl.</strong></span> <span class='ocrx_word' id='word_1_209' title='bbox 1110 3966 1115 3972; x_wconf 25' lang='grc' dir='ltr'>ι</span> 
     </span>
     <span class='ocr_line' id='line_1_30' title="bbox 144 4002 1099 4078; baseline -0.004 -20"><span class='ocrx_word' id='word_1_210' title='bbox 144 4009 184 4078; x_wconf 74' lang='lat'><strong>(2)</strong></span> <span class='ocrx_word' id='word_1_211' title='bbox 201 4009 239 4059; x_wconf 85' lang='lat' dir='ltr'><strong>ct.</strong></span> <span class='ocrx_word' id='word_1_212' title='bbox 258 4022 324 4073; x_wconf 72' lang='lat' dir='ltr'><strong>vico,</strong></span> <span class='ocrx_word' id='word_1_213' title='bbox 342 4010 368 4058; x_wconf 87' lang='lat' dir='ltr'><strong>in</strong></span> <span class='ocrx_word' id='word_1_214' title='bbox 380 4005 598 4073; x_wconf 74' lang='lat' dir='ltr'><strong>setottogroptit</strong></span> <span class='ocrx_word' id='word_1_215' title='bbox 609 4005 736 4071; x_wconf 75' lang='lat' dir='ltr'><strong>praemissi</strong></span> <span class='ocrx_word' id='word_1_216' title='bbox 743 4003 846 4055; x_wconf 84' lang='lat' dir='ltr'><strong>versioni</strong></span> <span class='ocrx_word' id='word_1_217' title='bbox 853 4002 931 4050; x_wconf 82' lang='lat' dir='ltr'><strong>Germ.</strong></span> <span class='ocrx_word' id='word_1_218' title='bbox 947 4002 1099 4070; x_wconf 74' lang='lat' dir='ltr'><strong>Grmtdsrigo</strong></span> 
     </span>
    </p>
   </div>
   <div class='ocr_carea' id='block_1_7' title="bbox 13 4093 1098 4166">
    <p class='ocr_par' dir='ltr' id='par_1_7' title="bbox 13 4093 1098 4166">
     <span class='ocr_line' id='line_1_31' title="bbox 13 4093 1098 4166; baseline -0.005 -14"><span class='ocrx_word' id='word_1_219' title='bbox 13 4128 21 4135; x_wconf 47' lang='grc' dir='ltr'><strong><em>ι</em></strong></span> <span class='ocrx_word' id='word_1_220' title='bbox 109 4105 182 4153; x_wconf 75' lang='lat' dir='ltr'><strong>siner</strong></span> <span class='ocrx_word' id='word_1_221' title='bbox 196 4117 277 4151; x_wconf 74' lang='lat' dir='ltr'><strong>noceo</strong></span> <span class='ocrx_word' id='word_1_222' title='bbox 300 4097 497 4166; x_wconf 76' lang='lat' dir='ltr'><strong>Wirrsnrctost,</strong></span> <span class='ocrx_word' id='word_1_223' title='bbox 515 4100 665 4148; x_wconf 71' lang='lat' dir='ltr'><strong>ctorem</strong></span> <span class='ocrx_word' id='word_1_224' title='bbox 685 4093 731 4144; x_wconf 74' lang='lat' dir='ltr'><strong>ttr.</strong></span> <span class='ocrx_word' id='word_1_225' title='bbox 751 4094 1007 4164; x_wconf 66' lang='lat' dir='ltr'><strong>mnunrrsseipz.</strong></span> <span class='ocrx_word' id='word_1_226' title='bbox 1021 4097 1098 4164; x_wconf 74' lang='lat' dir='ltr'><strong>tear)</strong></span> 
     </span>
    </p>
   </div>
   <div class='ocr_carea' id='block_1_8' title="bbox 111 4192 457 4262">
    <p class='ocr_par' dir='ltr' id='par_1_8' title="bbox 111 4192 457 4262">
     <span class='ocr_line' id='line_1_32' title="bbox 111 4192 457 4262; baseline -0.006 -23"><span class='ocrx_word' id='word_1_227' title='bbox 111 4209 164 4262; x_wconf 68' lang='lat' dir='ltr'><strong>pag,</strong></span> <span class='ocrx_word' id='word_1_228' title='bbox 182 4192 268 4261; x_wconf 76' lang='lat' dir='ltr'><strong>laeaeos&#39;j</strong></span> <span class='ocrx_word' id='word_1_229' title='bbox 286 4201 310 4240; x_wconf 85' lang='lat' dir='ltr'><strong>et</strong></span> <span class='ocrx_word' id='word_1_230' title='bbox 328 4209 357 4241; x_wconf 81' lang='lat' dir='ltr'><strong>ev</strong></span> <span class='ocrx_word' id='word_1_231' title='bbox 375 4192 457 4257; x_wconf 76' lang='lat' dir='ltr'><strong>(noti).</strong></span> 
     </span>
    </p>
   </div>
   <div class='ocr_carea' id='block_1_9' title="bbox 0 0 1450 5042">
    <p class='ocr_par' dir='ltr' id='par_1_9' title="bbox 0 0 1450 5042">
     <span class='ocr_line' id='line_1_33' title="bbox 0 0 1450 5042; baseline 0 2"><span class='ocrx_word' id='word_1_232' title='bbox 0 0 1450 5042; x_wconf 95' lang='lat' dir='ltr'><strong> </strong></span> 
     </span>
    </p>
   </div>
  </div>
 </body>
</html>
