2892 5042
573 533 613 593 97
699 583 701 586 .

99 713 219 799 Regem
238 713 295 776 sibi
316 712 542 796 praefecerant,
566 712 639 798 quia
670 713 745 775 belli
776 711 856 777 duce
883 698 1081 801 indigebant,

99 837 130 889 at
149 824 222 890 huie
241 824 489 890 distributionem
516 826 661 914 regionis
673 827 811 891 devictae
832 838 886 892 aut
905 830 1081 901 absolutum

99 939 238 1024 regimen
255 939 402 1004 mandare
422 940 551 1004 minime
570 942 705 1006 voluere.
749 945 814 1005 Rex
840 943 976 1025 junctim
1009 965 1082 1008 cum

96 1052 258 1116 nobilibus
268 1074 377 1138 regere
396 1052 537 1129 debebat,
553 1065 594 1130 et,
614 1053 682 1138 (qui
692 1075 824 1139 maguus
839 1053 933 1138 hujus
952 1056 1082 1139 scripto·

96 1165 136 1227 ris
154 1187 240 1229 error
260 1163 335 1251 est),
361 1165 535 1229 eonomine
546 1175 645 1229 totum
662 1168 816 1251 populum
834 1167 1083 1253 designat3'adeo

95 1285 131 1339 ut
153 1274 285 1358 leudis,
313 1279 451 1356 nobilis,
474 1277 611 1355 Saline,
634 1278 807 1357 Francus,
829 1279 999 1357 dominus,
1024 1281 1082 1366 ipsi

94 1409 265 1475 synonyma
286 1390 363 1469 sint3
388 1391 463 1454 item
487 1392 593 1455 Gallos
615 1414 721 1455 omnes
747 1414 847 1456 servos
866 1393 961 1472 fuisse
976 1404 1088 1480 putat,

92 1500 155 1567 nisi
170 1500 376 1565 ecclesiastica
389 1524 521 1566 munera
542 1504 626 1567 nacti
646 1525 682 1565 ex
699 1502 758 1565 istri
779 1492 957 1565 conditione
977 1525 1082 1568 emer-

52 1648 66 1681 ·.
94 1614 221 1696 sissent,
246 1624 300 1678 aut
315 1637 333 1677 a
347 1614 479 1678 dominis
495 1615 676 1679 manumissi
698 1615 799 1679 solum
818 1636 924 1700 regem
943 1615 1001 1679 sibi
1019 1616 1082 1679 im-

90 1739 255 1814 perantem
264 1726 425 1792 haberent.
448 1727 591 1805 Romani,
610 1751 645 1792 ex
665 1728 731 1811 ejus
752 1727 1012 1812 opinione,ejecti
1028 1731 1078 1794 vel

92 1841 174 1906 caesi
187 1839 245 1929 (1)
279 1842 426 1926 Arguunt
445 1843 520 1905 tales
541 1841 673 1905 mendae
693 1842 845 1907 Comitem
867 1865 906 1905 ns
924 1818 1077 1907 acomm-

91 1973 237 2016 tremens
259 1955 395 2038 neglecti
415 1953 508 2017 studii
529 1945 787 2019 Germanicarum
808 1956 934 2040 legum,
964 1955 1019 2019 ubi
1049 1968 1080 2025 et

89 2067 248 2129 Romanos
267 2064 381 2128 liberos
392 2066 471 2129 etde
480 2066 627 2130 Francico
644 2067 761 2152 populo
780 2088 881 2130 servos
893 2066 1090 2156 invenissets

90 2190 122 2243 ct
150 2178 337 2243 confirmant
373 2202 601 2257 uenumourvn
622 2180 798 2264 judicium,
820 2196 894 2245 eum
928 2182 1077 2246 exteriora

89 2281 226 2357 tantum
238 2291 380 2357 historiae
407 2293 593 2357 lineamenta
613 2293 732 2357 novisse
750 2291 808 2380 (2).
837 2296 887 2358 Ab
906 2294 953 2359 his
971 2305 1077 2387 autem

86 2404 252 2490 principiis
271 2427 311 2468 ne
334 2396 499 2468 minimum
512 2390 640 2489 quidem
663 2404 796 2483 recedit3
820 2404 907 2503 ducit
925 2405 1017 2483 hinc,
1038 2406 1077 2470 ad

86 2515 245 2580 beneficia
261 2514 395 2578 victricis
413 2516 513 2601 gentis
537 2515 699 2579 referenda
718 2538 783 2578 esse
798 2517 917 2598 judicia
938 2518 1076 2601 parium,
1153 2597 1162 2612 ι

87 2639 194 2691 terrae
205 2626 389 2701 dominium,
397 2627 449 2709 jus
459 2629 535 2691 belli
549 2627 660 2712 privati
678 2626 899 2715 (manuarium)
913 2639 943 2690 et
953 2631 1077 2713 Regum

86 2741 293 2828 electionem3
320 2740 437 2825 absque
464 2740 662 2805 comitiorum
686 2761 853 2817 consensu,
874 2739 913 2803 de
939 2739 1077 2826 legibus,

86 2854 127 2917 de
149 2873 230 2937 pace
249 2852 398 2937 belloque
419 2864 552 2918 statuere
568 2842 613 2917 nil
631 2853 767 2940 potuisse
782 2855 918 2941 Regem,
943 2875 1003 2918 nec
1019 2876 1079 2918 un·

85 2988 189 3052 quam
203 2965 284 3048 jure
294 2966 412 3050 aliquid
442 2967 623 3031 detractum·
649 2967 743 3030 fuisse
776 2966 944 3053 privilegiis
967 2968 1076 3053 populi

85 3080 230 3156 victoris,
254 3079 332 3143 adeo
352 3090 388 3143 ut
411 3080 553 3145 adfirmet
574 3092 658 3145 extra
678 3076 773 3167 Regis
791 3091 974 3165 potestatem
992 3083 1077 3164 posi-

85 3208 169 3271 tum,
195 3192 388 3256 nobilitatem
405 3194 563 3272 conferre3
585 3204 615 3255 et
628 3193 798 3256 absurdum
815 3192 946 3275 judicet,
967 3192 1076 3258 iudea

84 3326 238 3372 rureroro
253 3306 298 3371 IV
316 3306 349 3368 in
369 3304 512 3368 ordinum
533 3314 657 3367 coetum
678 3301 823 3366 admissos
848 3302 963 3366 servilis
984 3303 1076 3391 origi·

84 3419 136 3483 nis
160 3415 346 3502 municipes.
390 3417 496 3497 Quum
517 3425 621 3480 autem
642 3414 782 3501 proximo
801 3425 869 3500 post
886 3414 1075 3481 invasionem

81 3568 107 3598 μ’-
112 3588 315 3602 -.ὼ-η’*

121 3681 162 3752 (1)
182 3683 250 3730 Istat,
271 3683 301 3729 de
322 3679 400 3730 t’lno.
423 3680 502 3731 Gouv.
521 3682 542 3747 1,
560 3697 613 3747 pag.
631 3682 674 3743 25,
692 3681 734 3748 31)ἓ
752 3681 785 3728 33
803 3696 867 3746 sqq„
882 3681 926 3742 36,
941 3679 982 3726 48,
1006 3681 1077 3727 Iler,

83 3774 124 3827 ἅθ’
136 3779 166 3829 lo
185 3774 285 3836 Poin‘e,
304 3789 359 3840 pag.
374 3777 401 3839 2,
416 3777 459 3839 88,
479 3776 536 3825 173.

122 3866 162 3937 (2)
182 3869 217 3916 E.
239 3869 263 3917 ei.
282 3866 349 3916 1,.1.
367 3883 387 3914 c.
406 3867 444 3915 Cf.
463 3870 505 3916 lex
528 3868 724 3932 ripuariorum,
743 3862 856 3930 (basileae
873 3860 951 3928 15³0)
968 3861 1013 3910 tot.
1030 3863 1091 3925 14,-

82 3961 129 4012 ubi
153 3975 236 4007 servus
258 3960 386 4024 Ripoariua
409 3968 560 4021 memoratum
588 3955 621 4005 ib.
647 3955 689 4003 fol.
709 3955 743 4002 13
772 3954 872 4018 legimns
900 3953 1079 4004 manumissione

81 4052 191 4124 quidem
209 4048 344 4099 barbaricos
363 4065 441 4118 serios
459 4049 555 4097 evasisse
577 4048 640 4096 cives
660 4047 785 4094 Romanos.
816 4045 946 4096 Discrimen
957 4063 1077 4099 servorum

81 4141 227 4194 Germanici
243 4147 275 4214 et
284 4140 382 4199 Romani
393 4142 456 4203 juris
472 4140 579 4204 exposuit
596 4136 743 4198 armannum,
768 4137 856 4187 Geseb.
870 4139 913 4187 dea
931 4139 1027 4190 Vnderl
1035 4177 1044 4203 ,
1057 4140 1081 4201 1,

81 4251 141 4302 pag·
158 4233 220 4281 295.
862 4230 866 4237 '

937 4327 955 4384 7
