2892 5042
600 528 643 584 69

134 698 282 781 poenam
298 698 395 764 dicat:
423 700 470 762 »ΙΙ
489 706 541 787 n’y
562 724 578 763 a
599 723 662 786 que
689 703 734 765 les
755 703 830 766 tetes
857 700 929 765 bien
958 700 1067 780 frisles
1089 709 1119 763 et

133 808 207 871 bien
228 809 396 893 poudre'es,
425 811 481 897 qui
502 811 640 897 puissent
659 811 864 897 comprendre
891 812 921 876 le
942 809 1053 874 merite
1075 808 1119 873 du

136 917 267 1008 Temple
284 922 326 987 cle
346 921 485 1007 an'cle.’'
517 924 600 990 Huic
625 924 826 1012 subjungitur
844 923 975 1000 labella,
999 921 1038 986 de
1058 921 1118 987 Cu·

130 1031 243 1115 pidinis
264 1034 320 1099 alis
344 1035 450 1101 locum
477 1058 677 1102 communem
710 1037 873 1104 confluens
899 1034 957 1126 (1).
1002 1036 1052 1102 Ab
1071 1034 1118 1099 his

130 1144 326 1232 aliquantum
347 1147 450 1213 differt
469 1149 643 1227 orientalis,
665 1151 713 1214 uti
733 1149 865 1229 dicitur,
885 1149 992 1214 fabula
1007 1149 1119 1214 Area·

129 1278 183 1322 ces
203 1266 236 1324 et
254 1258 420 1339 Ismenia,
440 1263 503 1350 qud
525 1262 670 1327 nonnulli
696 1272 846 1349 putarunt
870 1261 1034 1347 politicum
1055 1262 1119 1347 tegi

127 1354 339 1455 propositum,
368 1373 448 1438 acsi
473 1396 742 1454 uonrnsonrvros,
762 1395 893 1441 cernens
911 1373 951 1439 ad
971 1373 1118 1459 despotia-

130 1500 219 1543 mum
251 1504 380 1569 vergere
409 1486 558 1552 Franciae
590 1508 739 1572 regnum,
773 1507 925 1571 exponere
956 1485 1117 1558 voluisset,

130 1593 286 1678 quomodo
304 1596 462 1661 absolutus
482 1619 608 1683 quoque
629 1597 783 1682 imperans
797 1595 894 1662 saluti
903 1595 1022 1682 —populi
1043 1616 1114 1680 pro

129 1705 214 1769 desse
234 1706 328 1792 possit
348 1707 407 1797 (2).
443 1713 559 1776 Ansam
583 1709 658 1776 huic
686 1708 825 1796 opinioni
848 1708 947 1788 dedit,
972 1706 1057 1794 quod
1080 1707 1114 1770 in

128 1839 165 1882 eo
194 1818 307 1905 scripto
337 1833 479 1889 occurrat
503 1822 668 1908 descriptio
693 1823 792 1888 felicis
819 1821 1001 1888 Bactrianae
1021 1820 1116 1885 statds

128 1930 185 1995 sub
217 1933 363 2000 eunucho
392 1935 517 2023 reginae
550 1934 718 2000 Ismenzae
745 1934 896 2001 ministro.
945 1934 986 1998 At
1017 1953 1117 2017 quum

126 2045 308 2129 loqueretur
323 2046 368 2109 ibi
387 2057 496 2110 auctor
516 2069 553 2110 er
572 2047 704 2132 persond
723 2045 821 2125 Medi,
840 2044 930 2110 aliter
949 2042 1118 2131 dijudicare
1213 2124 1218 2140 Ι

128 2166 159 2218 et
177 2154 346 2244 depingere
364 2157 488 2238 debuit,
513 2181 550 2224 ac
570 2160 605 2223 in
622 2157 750 2244 politico
769 2179 863 2244 opere
880 2157 1009 2222 faceret.
1043 2156 1117 2222 Cae-

128 2278 230 2331 terum
257 2292 293 2351 er
319 2281 383 2334 toto
412 2271 537 2339 fabulae
568 2256 714 2341 contextu
741 2273 828 2338 lusus
860 2270 964 2360 potius
992 2269 1113 2359 ingenii

125 2379 218 2445 fuisse
238 2382 377 2465 videtur3
402 2407 507 2472 neque
529 2386 562 2449 in
588 2386 739 2472 ejusmodi
764 2386 941 2451 narratione
966 2382 1112 2471 fingendi

125 2491 198 2556 felix
226 2494 286 2559 luit
306 2506 571 2576 nonnasoorvrua'
602 2499 737 2564 Gravior
756 2509 862 2563 autem
882 2506 943 2572 est,
964 2517 1058 2581 quarn
1078 2498 1113 2558 in

125 2607 315 2690 pastoriciis,
345 2608 456 2693 stylus;
490 2630 585 2694 quem
612 2611 760 2674 universe
786 2609 827 2673 ad
854 2619 1113 2693 argumentorum

125 2718 278 2783 rationem
298 2721 416 2804 optime
437 2719 517 2784 solet
543 2719 713 2784 efformare.
753 2718 827 2783 Ideo
853 2715 996 2781 admirati
1022 2718 1114 2782 etiam

12 2872 15 2881 =
126 2832 303 2916 complures
318 2831 551 2919 Lysimachum
571 2843 606 2898 et
616 2829 834 2920 biographiam
845 2833 954 2916 (quam
968 2827 1008 2893 ad
1019 2826 1115 2891 finem

124 2963 187 3005 non
206 2943 362 3028 perduxit)
386 2945 563 3011 Marcscalci
584 2968 624 3009 on
642 2967 809 3023 nrawrcrr,
834 2942 909 3010 licet
927 2963 1031 3007 merae
1051 2942 1112 3005 sint

123 3056 276 3121 laetorum
295 3059 508 3142 expositiones.
540 3061 640 3124 Unam
658 3058 698 3122 ab
713 3056 775 3123 hac
799 3056 892 3121 laude
911 3057 1054 3141 excipere
1073 3053 1115 3119 li·
1182 3092 1215 3149 '.
1246 3099 1253 3105 ,

124 3179 192 3233 ceat
219 3170 391 3235 orationem
420 3167 559 3234 habitam
579 3192 679 3256 quum
701 3171 842 3255 primdm
864 3171 898 3232 in
921 3167 1113 3232 academiam

123 3281 356 3357 admitteretur,
375 3280 518 3365 quamvis
539 3281 699 3368 eleganter
717 3291 748 3344 et
767 3278 933 3343 artificiose
956 3276 1114 3361 conscrip-

122 3402 197 3456 tam.
224 3394 313 3456 Tune
335 3393 486 3476 enimet,
508 3391 547 3456 de
565 3392 726 3457 decessore
747 3411 828 3477 qnae
850 3389 986 3468 diceret,
1010 3410 1112 3474 panca

123 3501 274 3580 habebat,
294 3515 326 3568 et
346 3505 546 3571 aversabatur
570 3504 781 3571 adulationem
801 3503 983 3569 continuam
1002 3512 1112 3588 poten·

124 3617 220 3694 tium,
234 3619 437 3704 ingeniique,
453 3630 488 3683 ut
503 3618 546 3683 ita
561 3618 681 3696 dicam,
700 3617 935 3703 monopolium,
952 3639 1034 3703 quae
1053 3616 1110 3680 sibi

123 3727 323 3795 vindicabant
345 3731 469 3798 XLviri.
501 3731 581 3799 llinc
608 3730 647 3797 de
674 3728 808 3807 honore,
830 3730 886 3814 qui
911 3729 970 3792 sibi
993 3728 1112 3814 obtige-

155 3997 192 4065 (1)
209 4000 241 4048 V.
259 3997 297 4048 ed.
316 4001 358 4048 cit.
374 4002 400 4049 T.
411 4001 455 4062 Vl,
470 4015 525 4066 pag.
544 4002 692 4062 dol-³67,
712 3999 863 4048 tte-ter.

155 4087 195 4158 (2)
213 4091 250 4139 lta
267 4090 375 4157 loquitur
391 4092 473 4140 Editor
491 4093 516 4141 in
532 4093 610 4158 prael.
627 4091 656 4165 ad
677 4094 787 4142 Oauvree
794 4093 941 4155 partientes
957 4094 986 4145 da
997 4094 1110 4148 rlloates·

119 4186 194 4248 qut'eu
211 4182 286 4249 (Paris
305 4183 396 4249 1783),
416 4185 474 4233 item
493 4183 529 4234 ed.
550 4186 626 4249 taos,
645 4186 670 4233 T.
686 4185 745 4246 vn,
762 4201 816 4252 pag.
834 4198 868 4236 rr.
