2892 5042
818 490 856 551 tt

381 672 569 758 ceteroquin
589 672 633 736 ita
650 669 823 756 perspexit,
841 693 860 734 a
877 666 1011 752 cujusvis
1028 665 1110 730 alius
1124 663 1323 731 monarchiae

337 785 442 849 indole
466 782 634 849 abhorrere
654 782 820 869 Anglicam
839 778 1107 853 constitutionem,
1131 787 1178 853 ut,
1201 778 1328 862 quoties

337 896 459 982 singula
468 898 535 980 ejus
554 894 669 979 placitu
677 891 840 969 adtendat,
857 890 1016 955 lubentius
1027 911 1064 955 ea
1075 899 1235 973 comparet
1248 909 1328 952 curn

337 1009 490 1076 Veterum
516 998 731 1071 aristocraticis
756 1013 788 1068 et
812 1001 1026 1067 democraticis
1052 999 1145 1063 rebus
1166 999 1325 1083 publicis,

338 1141 433 1205 quum
455 1139 529 1183 cum
544 1116 611 1182 aliis
625 1115 740 1203 regnis.
773 1114 930 1190 Tandem,
953 1134 1070 1199 quum,
1094 1111 1247 1196 peculiari
1267 1133 1325 1176 m·-

337 1232 403 1317 pite
420 1230 491 1295 satis
513 1229 651 1314 prolixo,
674 1238 747 1313 agat
766 1226 806 1313 tle
826 1225 978 1302 efficacii,
1002 1245 1097 1309 quam
1115 1223 1151 1287 in
1171 1245 1273 1295 mores
1293 1233 1328 1288 et

336 1341 497 1426 opiniones
519 1340 626 1425 populi
649 1338 776 1425 Angliei
795 1336 939 1401 hebuerit
960 1334 1120 1422 regiminis
1143 1338 1258 1412 forma,
1281 1355 1327 1396 ne

337 1454 432 1518 verbo
444 1451 572 1537 quidem
580 1452 680 1538 tangit
699 1448 930 1537 quaestionem,
952 1448 1030 1533 quid
1048 1446 1157 1512 eadem
1174 1449 1207 1511 in
1223 1447 1326 1512 alium

336 1565 488 1649 populum
510 1562 658 1627 effectura
678 1561 800 1640 luisset3
825 1558 1001 1643 cujusmodi
1016 1570 1238 1646 argumentum
1250 1580 1327 1623 sane

335 1676 507 1760 postularet
525 1674 580 1736 ille
599 1674 706 1748 loeus,
729 1673 754 1734 si
775 1692 844 1735 eam
859 1670 903 1733 ita
923 1670 1141 1735 commendare
1157 1669 1276 1757 vellet(
1298 1668 1325 1758 ).

336 1784 482 1847 Pluribus
505 1782 633 1869 postbtic
658 1779 853 1845 obsonandis
874 1778 955 1867 (cap.
990 1768 1069 1868 seq.)
1102 1804 1209 1848 ansam
1234 1771 1327 1847 tiam-

337 1916 409 1959 rum
434 1906 479 1960 est
498 1895 538 1959 dc
555 1894 688 1983 Angliee
708 1892 932 1960 comtitutione
945 1892 1103 1977 judicium
1131 1894 1215 1978 apud
1234 1916 1328 1959 iron-

336 2030 532 2086 resoorvrorx
554 2008 692 2072 obvium.

379 2120 448 2181 Hoc
467 2120 538 2181 loeo
548 2115 856 2181 animadvertendum
875 2114 1086 2194 solummod03
1108 2136 1186 2201 opus
1205 2114 1245 2180 de
1263 2115 1328 2180 In-

332 2231 434 2319 genio
453 2229 579 2315 legam
597 2251 615 2292 a
630 2227 841 2311 scriptoribus,
859 2248 937 2312 quos
947 2226 1083 2291 refutare
1104 2232 1233 2292 conatus
1241 2250 1326 2306 sum,

337 2362 355 2405 e
377 2339 498 2403 serioris
517 2341 584 2404 aevi
603 2338 782 2403 notionibus
804 2338 900 2402 fuisse
919 2338 1145 2422 dijudicatum,
1179 2350 1215 2404 ut
1241 2351 1327 2406 tecta

334 2450 453 2516 scilieet
464 2451 606 2529 consilia,
626 2429 785 2536 curaeque
798 2451 1010 2516 tribuerentur
1018 2454 1166 2531 Auctori,
1186 2475 1267 2540 quae
1278 2457 1324 2520 40

335 2563 462 2629 demum
479 2564 529 2671 rel
547 2569 590 2631 50
611 2564 699 2630 annis
717 2574 805 2648 post,
823 2585 859 2627 ex
876 2562 1086 2648 ipsiusverbis
1101 2565 1172 2631 elici
1185 2576 1324 2650 possent.

391 2807 466 2886 §2.
510 2806 601 2892 Quid
614 2809 656 2874 de
677 2813 789 2897 operis
801 2813 980 2897 proposito
1002 2810 1259 2877 exiettinottdum
1299 2754 1302 2759 ἱ

741 2920 908 2988 videatur.

308 3147 310 3151 ’
376 3119 444 3184 lam
454 3121 526 3184 solis
540 3121 629 3201 libri,
652 3121 915 3209 dequuagimus,
938 3122 1014 3187 locis
1033 3106 1207 3189 adferendit
1225 3123 1320 3209 adpa-

333 3231 411 3310 ruit,
434 3232 701 3314 nitelinam-iis,
724 3256 806 3322 quae
820 3232 1051 3320 principiocap.
1069 3236 1229 3313 recensui,
1253 3259 1319 3300 oon

331 3344 423 3409 fuisse
433 3368 665 3425 nournsourvrr
676 3348 883 3432 propositum.
907 3349 1070 3431 Superest,
1081 3359 1117 3412 ut
1127 3349 1316 3434 exquiratur,

216 3539 221 3543 ¹
330 3455 408 3540 quid
426 3458 533 3521 reverti
551 3458 609 3521 sibi
628 3459 770 3524 voluerit.
794 3458 845 3522 Sic
863 3479 900 3524 ex
920 3460 1089 3544 multiplici
1110 3472 1141 3525 et
1159 3462 1315 3548 variegato

363 3681 399 3751 (1)
416 3683 453 3733 E.
472 3683 497 3732 d.
514 3685 544 3733 L.
562 3684 626 3733 XIX.
641 3685 686 3733 27.
704 3683 785 3732 citato
799 3683 832 3731 11.
851 3685 881 3748 4,
898 3682 979 3734 eidem
990 3685 1087 3755 periodo
1104 3670 1189 3734 laudat
1210 3686 1315 3752 luglos,

328 3777 371 3841 qui
389 3774 511 3825 nobilitati
526 3774 733 3842 juritdIetionem,
751 3784 776 3823 et
794 3774 922 3842 privilegia
938 3776 1053 3842 quaedum
1075 3776 1243 3843 abstulissent,
1259 3780 1315 3844 quir

327 3869 405 3931 regiae
429 3869 548 3932 majestati
567 3866 708 3933 derogarent
727 3862 801 3931 (saec.
819 3865 888 3935 160),
908 3877 932 3917 et
949 3869 1101 3917 vehementer
1115 3870 1192 3933 carpit
1217 3868 1317 3918 courtrlr

327 3961 533 4025 lammiriaci,
548 3959 611 4010 idem
628 3963 654 4010 in
666 3961 762 4011 Francil
778 3961 900 4009 tentantis.
919 3960 955 4009 Cf.
966 3960 1051 4010 deinde
1069 3956 1111 4008 Xl.
1130 3961 1174 4025 183
1194 3961 1247 4009 xit.
1265 3962 1315 4027 ¹⁰5

327 4047 421 4109 V.1⁰,
443 4060 502 4098 extr.
522 4050 565 4100 ubi
581 4052 610 4100 de
628 4053 725 4117 luglis3
751 4053 818 4105 „une
837 4054 981 4119 nation,or'1
1000 4051 1023 4102 le
1040 4048 1182 4118 republiqoe
1200 4067 1226 4101 re
1245 4052 1315 4105 cache

325 4147 378 4188 scut
395 4135 418 4188 la
436 4139 510 4191 forme
528 4138 557 4190 de
575 4141 598 4190 la
616 4142 774 4193 monarchia*
