2892 5042
324 696 398 783 *qud
423 692 522 777 magis
539 695 659 755 constet
682 705 802 763 errare,
825 681 899 768 qui,
920 699 993 745 curn
1007 676 1197 767 panegyrico
1213 695 1327 738 vinse-

336 829 436 885 ιω,
456 802 586 869 auctori
606 801 719 865 Nostro
739 792 898 861 divinandi
920 802 1020 858 artem
1044 789 1199 864 tribuant,
1230 809 1267 851 ae
1301 787 1330 848 si

336 938 487 987 sunosrcr
507 913 611 981 XVIII
634 907 882 975 commendasset
901 903 1057 978 chartam,
1080 900 1174 984 pauci
1194 898 1256 963 loci
1275 897 1331 961 in-

336 1033 522 1119 spiciantur,
553 1024 609 1090 ubi
636 1023 747 1111 leguas
773 1016 1083 1106 fundamentalium
1115 1011 1331 1097 appellatione

337 1145 447 1211 utitur.
484 1137 673 1222 Praecipuus
691 1133 806 1198 borum
826 1141 887 1207 est,
907 1129 974 1214 jam
989 1125 1111 1211 saepius
1130 1124 1183 1188 cit.
1210 1122 1269 1210 (Ε.
1290 1123 1331 1188 d.

341 1256 381 1324 L.
395 1257 436 1323 11.
455 1250 502 1340 t),
526 1249 581 1315 uhi
603 1250 703 1334 leges,
722 1246 789 1310 sine
809 1244 923 1330 quibus
944 1237 1124 1305 monarchia
1146 1235 1253 1300 adesse
1271 1257 1334 1299 ne·
1394 1330 1398 1334 p

340 1377 445 1453 queat,
464 1366 531 1447 ipsa
544 1361 601 1425 illa
614 1368 720 1424 censet
740 1354 907 1419 nobilitatis
926 1362 957 1415 et
971 1347 1235 1433 cleripririlegia,
1256 1367 1333 1410 ma-

340 1481 527 1567 gistratuum
552 1471 652 1537 varios
674 1467 816 1545 ordines,
850 1476 909 1532 etc.
936 1462 1076 1550 quaein
1102 1458 1333 1524 recentioribus

339 1587 526 1659 monarchiis
553 1585 655 1651 aliena
684 1580 898 1645 existimantur
924 1599 944 1641 a
972 1571 1201 1639 constitutionis
1233 1593 1333 1655 prae-

340 1703 450 1769 stantii
468 1711 499 1763 et
519 1698 596 1781 reip.
619 1693 748 1758 unitate.
776 1690 853 1756 Aliis
871 1688 964 1766 locis,
980 1699 1012 1752 et
1032 1687 1136 1772 legem
1152 1683 1192 1747 de
1204 1704 1335 1747 succes·

341 1815 427 1880 sione
439 1808 530 1896 regni
540 1817 571 1872 et
583 1801 822 1872 consuetudines
832 1800 1035 1884 provinciales
1056 1807 1110 1862 aut
1126 1796 1336 1879 municipales

342 1925 426 1992 circa
442 1904 645 1995 hereditates,
668 1913 809 2000 politicas
827 1924 858 1977 st
875 1910 1123 1977 fundamentales
1139 1918 1248 1984 vocat,
1271 1928 1337 1971 neo

341 2040 445 2105 minus
462 2045 574 2101 statuta
587 2031 627 2096 de
638 2027 745 2095 coacti
766 2026 902 2091 emtione
921 2021 1076 2089 commodi
1094 2019 1218 2105 publici
1236 2021 1337 2084 causi

260 2176 265 2183 ¹
343 2160 375 2215 et
394 2146 611 2212 decuriarum
630 2138 840 2204 crimimlium
859 2135 1061 2211 auctoritate,
1082 2131 1157 2197 licet
1173 2153 1209 2195 ea
1228 2131 1336 2197 omnia

342 2257 468 2322 diversis
492 2256 585 2339 plane
604 2249 703 2317 modis
726 2269 792 2311 sese
811 2245 962 2312 baberent
981 2246 1015 2309 in
1035 2244 1163 2311 diversis
1186 2244 1338 2307 Franciae

344 2369 503 2435 tractibus.
541 2363 655 2433 Omnia
675 2359 826 2443 ejusmodi
846 2379 968 2423 servare
985 2356 1027 2423 ’ad
1047 2358 1227 2421 essentiam
1246 2356 1337 2440 regi-

343 2476 436 2546 minis
463 2500 537 2547 suae
566 2474 684 2563 patriae
712 2473 809 2537 refert
835 2490 1085 2547 norrmourvrus
1109 2465 1170 2555 (1)
1215 2467 1336 2530 Procul

346 2594 442 2663 dubio
460 2593 537 2659 tales
551 2590 694 2655 notiones
709 2587 818 2672 legum
832 2582 1114 2677 fundamentalium
1126 2603 1144 2644 e
1155 2579 1219 2651 sold
1229 2579 1337 2662 praxi,

347 2729 504 2793 cursuque
524 2701 671 2788 temporis
690 2698 860 2781 didicerat,
882 2718 947 2762 non
966 2718 1005 2761 ex
1020 2693 1153 2780 utopicis
1173 2690 1315 2758 theoriis.

348 3000 379 3032 oa
400 2983 440 3030 tlte
459 2978 546 3045 rights
562 2977 593 3037 of
607 2991 666 3024 marr
682 2972 755 3041 (vers.
773 2973 841 3039 nslg.
861 2972 1121 3043 Roterodsmi1701)‚
1143 2989 1169 3022 v.
1183 2974 1210 3034 1,
1228 2988 1284 3039 pag.
1300 2976 1337 3022 20

348 3086 385 3140 sq.
401 3072 514 3138 exponit,
531 3086 573 3118 cnr
587 3066 649 3116 illud
661 3065 806 3116 desiderium
824 3078 880 3116 tunc
897 3067 991 3115 demum
1008 3066 1144 3130 exstiterit,
1162 3081 1208 3114 noo
1219 3066 1245 3113 in
1262 3063 1339 3113 alter-

349 3167 403 3217 utri
425 3162 525 3228 Anglise
544 3154 721 3215 conversionum
736 3176 798 3214 saec.
818 3158 884 3225 ¹⁷³⁰?
910 3158 974 3226 qued
995 3158 1088 3208 scilieet
1105 3155 1171 3206 bisce
1190 3142 1238 3204 sibi
1252 3171 1339 3204 cavere

350 3256 441 3307 vellent
459 3253 576 3321 Angliab
589 3253 694 3302 sbwtntal
711 3262 827 3318 potestate
849 3253 957 3301 aaroni
975 3258 1001 3299 et
1016 3262 1100 3297 saoosr
1118 3251 1158 3315 ¹¹5
1184 3251 1211 3298 ia
1230 3249 1340 3315 Inserted

350 3348 408 3398 vead
423 3358 448 3397 et
464 3347 536 3414 pauld
551 3356 605 3413 post
620 3348 646 3394 in
663 3346 775 3410 Franeii,
792 3345 817 3394 id
833 3354 950 3410 ageretur,
970 3353 999 3392 nt
1012 3344 1064 3408 ipsa
1081 3343 1193 3407 regimini
1211 3340 1341 3393 inhaeren-

351 3445 386 3489 tia
404 3441 465 3488 vitis
488 3439 600 3486 radicitus
620 3432 792 3484 evellerentur}
824 3436 903 3496 Adde,
927 3436 988 3502 quod
1008 3437 1034 3483 in
1051 3435 1100 3500 ipsi
1119 3432 1227 3482 Americai
1245 3431 1341 3480 codices
1385 3472 1391 3481 .

351 3530 444 3597 politici
460 3528 556 3594 qnidam
573 3529 681 3592 vigerent
696 3543 758 3576 saec.
772 3529 824 3590 Jam
843 3528 901 3592 1703
921 3527 963 3592 qui
981 3537 1059 3575 tamen
1075 3529 1100 3575 in
1116 3528 1209 3590 Europa
1227 3525 1268 3572 vix
1286 3525 1341 3571 noti

352 3629 434 3684 erant;
452 3621 551 3683 excepti
569 3617 668 3665 tortasse
691 3618 861 3666 constitutione
883 3617 1006 3667 carolinae
1031 3634 1045 3666 a
1067 3633 1156 3665 summo
1172 3628 1257 3662 noculo
1272 3629 1342 3678 prae·
1437 3664 1438 3675 ,

351 3711 453 3778 scripti,
475 3725 537 3776 quse
554 3707 624 3757 brevi
642 3706 700 3756 adso
718 3706 814 3758 oceidit.
845 3709 885 3761 Cf.
893 3719 1009 3775 warato,
1023 3711 1114 3759 Gssclt.
1127 3708 1304 3758 derteatsse.
1314 3705 1340 3754 1.

295 3842 299 3848 s
352 3817 408 3869 pag.
428 3801 492 3867 les,
513 3800 574 3848 300.

387 3892 427 3961 (1)
452 3891 884 3956 R.d.n.xxvl.1s‚so‚ar.
928 3892 968 3940 ef.
986 3902 1084 3952 unus,
1102 3888 1163 3955 rip-1
1177 3904 1202 3937 v.
1219 3889 1342 3938 cosssts'tu-

353 3989 415 4034 ts’oss.
432 3986 575 4047 bonuaso,
593 3985 626 4033 du
635 3990 734 4034 contrat
744 3985 837 4048 soeret,
857 3983 884 4032 I.
898 3983 935 4048 11,
954 3982 993 4033 cb.
1007 3985 1054 4048 12,
1072 3991 1144 4045 negat
1154 3995 1178 4028 se
1189 3980 1321 4046 perspicere
1333 3960 1352 4045 ,⁸
1405 4006 1409 4020 ‹

354 4091 395 4126 cnr
411 4074 476 4139 leges
489 4075 603 4141 politicae
618 4078 699 4141 potios
712 4073 892 4144 quammultas,
911 4073 1125 4140 fundamentaliuns
1146 4089 1187 4123 seu
1206 4072 1341 4124 essentiali·

354 4185 395 4218 ιιι
411 4168 505 4217 nomine
522 4166 648 4230 gaudeant.
