<?xml version="1.0" encoding="UTF-8"?>
<!DOCTYPE html PUBLIC "-//W3C//DTD XHTML 1.0 Transitional//EN"
    "http://www.w3.org/TR/xhtml1/DTD/xhtml1-transitional.dtd">
<html xmlns="http://www.w3.org/1999/xhtml" xml:lang="en" lang="en">
 <head>
  <title>
</title>
<meta http-equiv="Content-Type" content="text/html;charset=utf-8" />
  <meta name='ocr-system' content='tesseract 3.04.00' />
  <meta name='ocr-capabilities' content='ocr_page ocr_carea ocr_par ocr_line ocrx_word'/>
</head>
<body>
  <div class='ocr_page' id='page_1' title='image "./speciminisinaug00heemgoog_0183.png"; bbox 0 0 2892 5042; ppageno 0'>
   <div class='ocr_carea' id='block_1_1' title="bbox 10 693 18 729">
    <p class='ocr_par' dir='ltr' id='par_1_1' title="bbox 10 693 18 729">
     <span class='ocr_line' id='line_1_1' title="bbox 10 693 18 729; baseline 0 0"><span class='ocrx_word' id='word_1_1' title='bbox 10 693 18 729; x_wconf 87' lang='lat' dir='ltr'><strong>l</strong></span> 
     </span>
    </p>
   </div>
   <div class='ocr_carea' id='block_1_2' title="bbox 11 785 24 844">
    <p class='ocr_par' dir='ltr' id='par_1_2' title="bbox 11 785 24 844">
     <span class='ocr_line' id='line_1_2' title="bbox 11 785 24 844; baseline 0 0"><span class='ocrx_word' id='word_1_2' title='bbox 11 785 24 844; x_wconf 75' lang='lat' dir='ltr'><strong>r</strong></span> 
     </span>
    </p>
   </div>
   <div class='ocr_carea' id='block_1_3' title="bbox 593 521 631 582">
    <p class='ocr_par' dir='ltr' id='par_1_3' title="bbox 593 521 631 582">
     <span class='ocr_line' id='line_1_3' title="bbox 593 521 631 582; baseline -0.026 0"><span class='ocrx_word' id='word_1_3' title='bbox 593 521 631 582; x_wconf 79' lang='lat' dir='ltr'><strong>at</strong></span> 
     </span>
    </p>
   </div>
   <div class='ocr_carea' id='block_1_4' title="bbox 78 701 1106 794">
    <p class='ocr_par' dir='ltr' id='par_1_4' title="bbox 78 701 1106 794">
     <span class='ocr_line' id='line_1_4' title="bbox 78 701 1106 794; baseline 0.004 -32"><span class='ocrx_word' id='word_1_4' title='bbox 78 733 81 738; x_wconf 92' lang='lat'><em>·</em></span> <span class='ocrx_word' id='word_1_5' title='bbox 169 701 248 763; x_wconf 78' lang='lat' dir='ltr'><strong>Item</strong></span> <span class='ocrx_word' id='word_1_6' title='bbox 267 702 360 785; x_wconf 82' lang='lat' dir='ltr'><strong>paulo</strong></span> <span class='ocrx_word' id='word_1_7' title='bbox 386 702 530 778; x_wconf 86' lang='lat' dir='ltr'><strong>inferius,</strong></span> <span class='ocrx_word' id='word_1_8' title='bbox 555 704 610 768; x_wconf 90' lang='lat' dir='ltr'><strong>ubi</strong></span> <span class='ocrx_word' id='word_1_9' title='bbox 631 728 649 768; x_wconf 84' lang='lat' dir='ltr'><strong>e</strong></span> <span class='ocrx_word' id='word_1_10' title='bbox 667 705 808 769; x_wconf 69' lang='lat' dir='ltr'><strong>ductant</strong></span> <span class='ocrx_word' id='word_1_11' title='bbox 832 704 870 768; x_wconf 89' lang='lat' dir='ltr'><strong>de</strong></span> <span class='ocrx_word' id='word_1_12' title='bbox 891 704 1055 794; x_wconf 83' lang='lat' dir='ltr'><strong>commodo</strong></span> <span class='ocrx_word' id='word_1_13' title='bbox 1076 717 1106 768; x_wconf 83' lang='lat' dir='ltr'><strong>et</strong></span> 
     </span>
    </p>
   </div>
   <div class='ocr_carea' id='block_1_5' title="bbox 117 807 1162 1912">
    <p class='ocr_par' dir='ltr' id='par_1_5' title="bbox 121 807 1141 1685">
     <span class='ocr_line' id='line_1_5' title="bbox 125 807 1141 905; baseline 0.011 -34"><span class='ocrx_word' id='word_1_14' title='bbox 125 813 322 877; x_wconf 87' lang='lat' dir='ltr'><strong>incommodo</strong></span> <span class='ocrx_word' id='word_1_15' title='bbox 342 814 544 898; x_wconf 79' lang='lat' dir='ltr'>explicaverit</span> <span class='ocrx_word' id='word_1_16' title='bbox 567 819 668 881; x_wconf 88' lang='lat' dir='ltr'><strong>varias</strong></span> <span class='ocrx_word' id='word_1_17' title='bbox 695 818 808 905; x_wconf 85' lang='lat' dir='ltr'><strong>agendi</strong></span> <span class='ocrx_word' id='word_1_18' title='bbox 827 807 960 883; x_wconf 86' lang='lat' dir='ltr'><strong>rationes</strong></span> <span class='ocrx_word' id='word_1_19' title='bbox 979 839 1103 894; x_wconf 89' lang='lat' dir='ltr'><strong>eorum,</strong></span> <span class='ocrx_word' id='word_1_20' title='bbox 1136 883 1141 889; x_wconf 75' lang='grc'>,</span> 
     </span>
     <span class='ocr_line' id='line_1_6' title="bbox 125 925 1105 1018; baseline 0.006 -32"><span class='ocrx_word' id='word_1_21' title='bbox 125 925 180 1007; x_wconf 91' lang='lat' dir='ltr'><strong>qui</strong></span> <span class='ocrx_word' id='word_1_22' title='bbox 201 926 391 1018; x_wconf 84' lang='lat' dir='ltr'><strong>territorium</strong></span> <span class='ocrx_word' id='word_1_23' title='bbox 423 928 561 992; x_wconf 89' lang='lat' dir='ltr'><strong>alienum</strong></span> <span class='ocrx_word' id='word_1_24' title='bbox 595 942 805 1014; x_wconf 86' lang='lat' dir='ltr'><strong>occuparunt,</strong></span> <span class='ocrx_word' id='word_1_25' title='bbox 839 941 871 993; x_wconf 91' lang='lat' dir='ltr'><strong>et</strong></span> <span class='ocrx_word' id='word_1_26' title='bbox 891 930 1008 993; x_wconf 84' lang='lat' dir='ltr'><strong>variam</strong></span> <span class='ocrx_word' id='word_1_27' title='bbox 1029 928 1105 992; x_wconf 90' lang='lat' dir='ltr'><strong>hinc</strong></span> 
     </span>
     <span class='ocr_line' id='line_1_7' title="bbox 124 1038 1104 1127; baseline 0.005 -29"><span class='ocrx_word' id='word_1_28' title='bbox 124 1047 220 1101; x_wconf 86' lang='lat' dir='ltr'><strong>ortam</strong></span> <span class='ocrx_word' id='word_1_29' title='bbox 239 1038 399 1123; x_wconf 70' lang='lat' dir='ltr'><strong>positivam</strong></span> <span class='ocrx_word' id='word_1_30' title='bbox 424 1041 720 1125; x_wconf 77' lang='lat' dir='ltr'><strong>jurisprudentiam,</strong></span> <span class='ocrx_word' id='word_1_31' title='bbox 756 1045 829 1107; x_wconf 88' lang='lat' dir='ltr'><strong>satis</strong></span> <span class='ocrx_word' id='word_1_32' title='bbox 848 1054 954 1127; x_wconf 85' lang='lat' dir='ltr'><strong>aperte</strong></span> <span class='ocrx_word' id='word_1_33' title='bbox 969 1040 1104 1116; x_wconf 86' lang='lat' dir='ltr'><strong>indicat,</strong></span> 
     </span>
     <span class='ocr_line' id='line_1_8' title="bbox 123 1150 1105 1238; baseline 0.004 -26"><span class='ocrx_word' id='word_1_34' title='bbox 123 1150 226 1214; x_wconf 83' lang='lat' dir='ltr'><strong>omnia</strong></span> <span class='ocrx_word' id='word_1_35' title='bbox 247 1173 330 1236; x_wconf 83' lang='lat' dir='ltr'><strong>quae</strong></span> <span class='ocrx_word' id='word_1_36' title='bbox 355 1154 509 1236; x_wconf 81' lang='lat' dir='ltr'><strong>exposuit,</strong></span> <span class='ocrx_word' id='word_1_37' title='bbox 534 1154 674 1237; x_wconf 87' lang='lat' dir='ltr'><strong>justitiae</strong></span> <span class='ocrx_word' id='word_1_38' title='bbox 698 1154 866 1219; x_wconf 85' lang='lat' dir='ltr'><strong>universali</strong></span> <span class='ocrx_word' id='word_1_39' title='bbox 886 1153 1105 1238; x_wconf 83' lang='lat' dir='ltr'><strong>haudconre-</strong></span> 
     </span>
     <span class='ocr_line' id='line_1_9' title="bbox 122 1248 1105 1351; baseline 0.003 -26"><span class='ocrx_word' id='word_1_40' title='bbox 122 1248 205 1340; x_wconf 88' lang='lat' dir='ltr'><strong>nire,</strong></span> <span class='ocrx_word' id='word_1_41' title='bbox 230 1275 260 1327; x_wconf 90' lang='lat' dir='ltr'><strong>et</strong></span> <span class='ocrx_word' id='word_1_42' title='bbox 276 1266 452 1351; x_wconf 86' lang='lat' dir='ltr'><strong>subjungit:</strong></span> <span class='ocrx_word' id='word_1_43' title='bbox 478 1267 552 1330; x_wconf 86' lang='lat' dir='ltr'><strong>»Jus</strong></span> <span class='ocrx_word' id='word_1_44' title='bbox 572 1268 724 1331; x_wconf 82' lang='lat' dir='ltr'><strong>invasoris</strong></span> <span class='ocrx_word' id='word_1_45' title='bbox 745 1267 956 1332; x_wconf 87' lang='lat' dir='ltr'><strong>necessarium</strong></span> <span class='ocrx_word' id='word_1_46' title='bbox 977 1277 1038 1341; x_wconf 87' lang='lat' dir='ltr'><strong>est,</strong></span> <span class='ocrx_word' id='word_1_47' title='bbox 1060 1266 1105 1328; x_wconf 88' lang='lat' dir='ltr'><strong>le-</strong></span> 
     </span>
     <span class='ocr_line' id='line_1_10' title="bbox 123 1375 1105 1460; baseline 0.001 -21"><span class='ocrx_word' id='word_1_48' title='bbox 123 1375 213 1460; x_wconf 73' lang='lat' dir='ltr'><strong>gibus</strong></span> <span class='ocrx_word' id='word_1_49' title='bbox 231 1377 420 1456; x_wconf 64' lang='lat' dir='ltr'><strong>,definitum3</strong></span> <span class='ocrx_word' id='word_1_50' title='bbox 445 1390 476 1441; x_wconf 86' lang='lat' dir='ltr'><strong>at</strong></span> <span class='ocrx_word' id='word_1_51' title='bbox 497 1402 547 1443; x_wconf 88' lang='lat' dir='ltr'><strong>eas</strong></span> <span class='ocrx_word' id='word_1_52' title='bbox 567 1380 667 1443; x_wconf 83' lang='lat' dir='ltr'><strong>adfert</strong></span> <span class='ocrx_word' id='word_1_53' title='bbox 692 1381 881 1444; x_wconf 79' lang='lat' dir='ltr'><strong>calamitates</strong></span> <span class='ocrx_word' id='word_1_54' title='bbox 900 1381 1032 1454; x_wconf 82' lang='lat' dir='ltr'><strong>invasio,</strong></span> <span class='ocrx_word' id='word_1_55' title='bbox 1052 1390 1105 1454; x_wconf 91' lang='lat' dir='ltr'><strong>ut,</strong></span> 
     </span>
     <span class='ocr_line' id='line_1_11' title="bbox 122 1489 1107 1576; baseline 0.001 -26"><span class='ocrx_word' id='word_1_56' title='bbox 122 1489 179 1572; x_wconf 87' lang='lat' dir='ltr'><strong>qui</strong></span> <span class='ocrx_word' id='word_1_57' title='bbox 198 1500 329 1573; x_wconf 88' lang='lat' dir='ltr'><strong>occupet</strong></span> <span class='ocrx_word' id='word_1_58' title='bbox 350 1500 463 1571; x_wconf 83' lang='lat' dir='ltr'><strong>terram</strong></span> <span class='ocrx_word' id='word_1_59' title='bbox 490 1490 640 1576; x_wconf 88' lang='lat' dir='ltr'><strong>alienam,</strong></span> <span class='ocrx_word' id='word_1_60' title='bbox 666 1512 812 1576; x_wconf 84' lang='lat' dir='ltr'><strong>magnam</strong></span> <span class='ocrx_word' id='word_1_61' title='bbox 833 1512 954 1574; x_wconf 79' lang='lat' dir='ltr'><strong>semper</strong></span> <span class='ocrx_word' id='word_1_62' title='bbox 977 1489 1107 1553; x_wconf 86' lang='lat' dir='ltr'><strong>resarci-</strong></span> 
     </span>
     <span class='ocr_line' id='line_1_12' title="bbox 121 1599 875 1685; baseline 0.009 -25"><span class='ocrx_word' id='word_1_63' title='bbox 121 1599 238 1664; x_wconf 87' lang='lat' dir='ltr'><strong>tionem</strong></span> <span class='ocrx_word' id='word_1_64' title='bbox 254 1602 369 1665; x_wconf 85' lang='lat' dir='ltr'><strong>debeat</strong></span> <span class='ocrx_word' id='word_1_65' title='bbox 387 1602 513 1685; x_wconf 87' lang='lat' dir='ltr'><strong>juribus</strong></span> <span class='ocrx_word' id='word_1_66' title='bbox 534 1613 664 1667; x_wconf 88' lang='lat' dir='ltr'><strong>naturae</strong></span> <span class='ocrx_word' id='word_1_67' title='bbox 685 1602 875 1667; x_wconf 86' lang='lat' dir='ltr'><strong>humanae.’&#39;</strong></span> 
     </span>
    </p>

    <p class='ocr_par' dir='ltr' id='par_1_6' title="bbox 117 1702 1162 1912">
     <span class='ocr_line' id='line_1_13' title="bbox 164 1702 1162 1800; baseline 0.003 -25"><span class='ocrx_word' id='word_1_68' title='bbox 164 1702 230 1775; x_wconf 86' lang='lat' dir='ltr'><strong>Alii</strong></span> <span class='ocrx_word' id='word_1_69' title='bbox 240 1713 333 1778; x_wconf 83' lang='lat' dir='ltr'><strong>etiam</strong></span> <span class='ocrx_word' id='word_1_70' title='bbox 345 1725 418 1776; x_wconf 88' lang='lat' dir='ltr'><strong>sunt</strong></span> <span class='ocrx_word' id='word_1_71' title='bbox 428 1714 504 1791; x_wconf 89' lang='lat' dir='ltr'><strong>loci,</strong></span> <span class='ocrx_word' id='word_1_72' title='bbox 521 1714 577 1776; x_wconf 91' lang='lat' dir='ltr'><strong>ubi</strong></span> <span class='ocrx_word' id='word_1_73' title='bbox 592 1714 630 1779; x_wconf 88' lang='lat' dir='ltr'><strong>ad</strong></span> <span class='ocrx_word' id='word_1_74' title='bbox 642 1715 744 1800; x_wconf 84' lang='lat' dir='ltr'><strong>legem</strong></span> <span class='ocrx_word' id='word_1_75' title='bbox 756 1715 930 1779; x_wconf 75' lang='lat' dir='ltr'><strong>naturalem</strong></span> <span class='ocrx_word' id='word_1_76' title='bbox 942 1727 1103 1799; x_wconf 83' lang='lat' dir='ltr'><strong>provocat,</strong></span> <span class='ocrx_word' id='word_1_77' title='bbox 1159 1775 1162 1786; x_wconf 78' lang='grc'>,</span> 
     </span>
     <span class='ocr_line' id='line_1_14' title="bbox 117 1826 1105 1912; baseline 0 -21"><span class='ocrx_word' id='word_1_78' title='bbox 117 1848 178 1891; x_wconf 87' lang='lat' dir='ltr'><strong>eeu</strong></span> <span class='ocrx_word' id='word_1_79' title='bbox 195 1838 354 1891; x_wconf 80' lang='lat' dir='ltr'><strong>aeternam</strong></span> <span class='ocrx_word' id='word_1_80' title='bbox 368 1826 508 1909; x_wconf 86' lang='lat' dir='ltr'><strong>justitiae</strong></span> <span class='ocrx_word' id='word_1_81' title='bbox 518 1848 669 1905; x_wconf 87' lang='lat' dir='ltr'><strong>normam,</strong></span> <span class='ocrx_word' id='word_1_82' title='bbox 682 1850 763 1912; x_wconf 89' lang='lat' dir='ltr'><strong>quae</strong></span> <span class='ocrx_word' id='word_1_83' title='bbox 773 1850 809 1891; x_wconf 79' lang='lat' dir='ltr'><strong>ex</strong></span> <span class='ocrx_word' id='word_1_84' title='bbox 820 1826 918 1911; x_wconf 88' lang='lat' dir='ltr'><strong>ipsius</strong></span> <span class='ocrx_word' id='word_1_85' title='bbox 927 1838 1032 1891; x_wconf 87' lang='lat' dir='ltr'><strong>mente</strong></span> <span class='ocrx_word' id='word_1_86' title='bbox 1042 1830 1105 1892; x_wconf 90' lang='lat' dir='ltr'><strong>mi-</strong></span> 
     </span>
    </p>
   </div>
   <div class='ocr_carea' id='block_1_6' title="bbox 118 1938 1104 2025">
    <p class='ocr_par' dir='ltr' id='par_1_7' title="bbox 10 1938 1104 2025">
     <span class='ocr_line' id='line_1_15' title="bbox 118 1938 1104 2025; baseline -0.003 -20.296"><span class='ocrx_word' id='word_1_87' title='bbox 118 1941 203 2004; x_wconf 89' lang='lat' dir='ltr'><strong>nime</strong></span> <span class='ocrx_word' id='word_1_88' title='bbox 217 1938 436 2005; x_wconf 86' lang='lat' dir='ltr'><strong>confundenda</strong></span> <span class='ocrx_word' id='word_1_89' title='bbox 447 1960 521 2002; x_wconf 90' lang='lat' dir='ltr'><strong>cum</strong></span> <span class='ocrx_word' id='word_1_90' title='bbox 539 1939 661 2025; x_wconf 85' lang='lat' dir='ltr'><strong>legibus</strong></span> <span class='ocrx_word' id='word_1_91' title='bbox 677 1938 739 2001; x_wconf 92' lang='lat' dir='ltr'><strong>illis</strong></span> <span class='ocrx_word' id='word_1_92' title='bbox 751 1938 915 2001; x_wconf 89' lang='lat' dir='ltr'><strong>hominum</strong></span> <span class='ocrx_word' id='word_1_93' title='bbox 925 1940 1104 2003; x_wconf 83' lang='lat' dir='ltr'><strong>extrasocia-</strong></span> 
     </span>
    </p>
   </div>
   <div class='ocr_carea' id='block_1_7' title="bbox 115 2048 1109 3256">
    <p class='ocr_par' dir='ltr' id='par_1_8' title="bbox 115 2048 1109 3256">
     <span class='ocr_line' id='line_1_16' title="bbox 118 2048 1102 2137; baseline 0.001 -25"><span class='ocrx_word' id='word_1_94' title='bbox 118 2051 209 2129; x_wconf 88' lang='lat' dir='ltr'><strong>lium,</strong></span> <span class='ocrx_word' id='word_1_95' title='bbox 225 2073 305 2137; x_wconf 89' lang='lat' dir='ltr'><strong>quas</strong></span> <span class='ocrx_word' id='word_1_96' title='bbox 316 2052 351 2116; x_wconf 87' lang='lat' dir='ltr'><strong>L.</strong></span> <span class='ocrx_word' id='word_1_97' title='bbox 364 2051 389 2127; x_wconf 94' lang='lat' dir='ltr'><strong>l,</strong></span> <span class='ocrx_word' id='word_1_98' title='bbox 412 2056 470 2115; x_wconf 87' lang='lat' dir='ltr'><strong>e.2</strong></span> <span class='ocrx_word' id='word_1_99' title='bbox 489 2053 694 2116; x_wconf 77' lang='lat' dir='ltr'><strong>naturalium</strong></span> <span class='ocrx_word' id='word_1_100' title='bbox 710 2050 1022 2137; x_wconf 76' lang='lat' dir='ltr'><strong>nominedesigndrat</strong></span> <span class='ocrx_word' id='word_1_101' title='bbox 1042 2049 1054 2132; x_wconf 95' lang='lat'>(</span> <span class='ocrx_word' id='word_1_102' title='bbox 1079 2048 1102 2132; x_wconf 90' lang='lat'><strong>).</strong></span> 
     </span>
     <span class='ocr_line' id='line_1_17' title="bbox 116 2141 1107 2252; baseline 0.001 -27"><span class='ocrx_word' id='word_1_103' title='bbox 116 2162 209 2226; x_wconf 87' lang='lat' dir='ltr'><strong>Liber</strong></span> <span class='ocrx_word' id='word_1_104' title='bbox 230 2163 370 2247; x_wconf 86' lang='lat' dir='ltr'><strong>denique</strong></span> <span class='ocrx_word' id='word_1_105' title='bbox 388 2164 505 2240; x_wconf 78' lang='lat' dir='ltr'><strong>XXVI,</strong></span> <span class='ocrx_word' id='word_1_106' title='bbox 530 2163 571 2227; x_wconf 83' lang='lat' dir='ltr'><strong>de</strong></span> <span class='ocrx_word' id='word_1_107' title='bbox 594 2165 723 2252; x_wconf 77' lang='lat' dir='ltr'><strong>tegibus</strong></span> <span class='ocrx_word' id='word_1_108' title='bbox 739 2141 869 2229; x_wconf 83' lang='lat' dir='ltr'><strong>ratione</strong></span> <span class='ocrx_word' id='word_1_109' title='bbox 889 2171 1107 2251; x_wconf 78' lang='lat' dir='ltr'><strong>argumento-</strong></span> 
     </span>
     <span class='ocr_line' id='line_1_18' title="bbox 118 2276 1107 2364; baseline -0.001 -25"><span class='ocrx_word' id='word_1_110' title='bbox 118 2297 193 2339; x_wconf 76' lang='lat' dir='ltr'><strong>rum</strong></span> <span class='ocrx_word' id='word_1_111' title='bbox 215 2276 347 2358; x_wconf 67' lang='lat' dir='ltr'><strong>hatita,</strong></span> <span class='ocrx_word' id='word_1_112' title='bbox 374 2276 416 2341; x_wconf 83' lang='lat' dir='ltr'><strong>de</strong></span> <span class='ocrx_word' id='word_1_113' title='bbox 442 2278 557 2363; x_wconf 81' lang='lat' dir='ltr'><strong>quibus</strong></span> <span class='ocrx_word' id='word_1_114' title='bbox 576 2278 666 2343; x_wconf 83' lang='lat' dir='ltr'><strong>latae</strong></span> <span class='ocrx_word' id='word_1_115' title='bbox 692 2286 783 2356; x_wconf 81' lang='lat' dir='ltr'><strong>suat,</strong></span> <span class='ocrx_word' id='word_1_116' title='bbox 806 2280 929 2364; x_wconf 85' lang='lat' dir='ltr'><strong>integer</strong></span> <span class='ocrx_word' id='word_1_117' title='bbox 946 2276 1012 2339; x_wconf 85' lang='lat' dir='ltr'><strong>lere</strong></span> <span class='ocrx_word' id='word_1_118' title='bbox 1034 2298 1107 2339; x_wconf 89' lang='lat' dir='ltr'><strong>cum</strong></span> 
     </span>
     <span class='ocr_line' id='line_1_19' title="bbox 116 2383 1108 2472; baseline 0.001 -24"><span class='ocrx_word' id='word_1_119' title='bbox 116 2388 149 2451; x_wconf 89' lang='lat' dir='ltr'><strong>in</strong></span> <span class='ocrx_word' id='word_1_120' title='bbox 164 2387 261 2452; x_wconf 87' lang='lat' dir='ltr'><strong>linem</strong></span> <span class='ocrx_word' id='word_1_121' title='bbox 279 2400 327 2451; x_wconf 92' lang='lat' dir='ltr'><strong>est</strong></span> <span class='ocrx_word' id='word_1_122' title='bbox 345 2400 551 2472; x_wconf 87' lang='lat' dir='ltr'><strong>comparatus,</strong></span> <span class='ocrx_word' id='word_1_123' title='bbox 572 2413 612 2453; x_wconf 90' lang='lat' dir='ltr'><strong>ne</strong></span> <span class='ocrx_word' id='word_1_124' title='bbox 634 2406 748 2467; x_wconf 87' lang='lat' dir='ltr'><strong>errore,</strong></span> <span class='ocrx_word' id='word_1_125' title='bbox 774 2391 957 2455; x_wconf 87' lang='lat' dir='ltr'><strong>confusione</strong></span> <span class='ocrx_word' id='word_1_126' title='bbox 968 2383 1019 2452; x_wconf 78' lang='lat' dir='ltr'><strong>&#39;vel</strong></span> <span class='ocrx_word' id='word_1_127' title='bbox 1035 2388 1108 2451; x_wconf 90' lang='lat' dir='ltr'><strong>dolo</strong></span> 
     </span>
     <span class='ocr_line' id='line_1_20' title="bbox 116 2482 1105 2584; baseline -0.002 -21"><span class='ocrx_word' id='word_1_128' title='bbox 116 2482 211 2576; x_wconf 86' lang='lat' dir='ltr'><strong>malo,</strong></span> <span class='ocrx_word' id='word_1_129' title='bbox 233 2499 401 2583; x_wconf 80' lang='lat' dir='ltr'><strong>multiplex</strong></span> <span class='ocrx_word' id='word_1_130' title='bbox 422 2510 454 2562; x_wconf 83' lang='lat' dir='ltr'><strong>et</strong></span> <span class='ocrx_word' id='word_1_131' title='bbox 483 2502 705 2565; x_wconf 84' lang='lat' dir='ltr'><strong>inextricabilis</strong></span> <span class='ocrx_word' id='word_1_132' title='bbox 731 2501 819 2565; x_wconf 88' lang='lat' dir='ltr'><strong>fieret</strong></span> <span class='ocrx_word' id='word_1_133' title='bbox 842 2498 1105 2584; x_wconf 84' lang='lat' dir='ltr'><strong>jurisprudentia,</strong></span> 
     </span>
     <span class='ocr_line' id='line_1_21' title="bbox 115 2605 1106 2695; baseline -0.001 -22"><span class='ocrx_word' id='word_1_134' title='bbox 115 2622 212 2695; x_wconf 85' lang='lat' dir='ltr'><strong>atque</strong></span> <span class='ocrx_word' id='word_1_135' title='bbox 227 2605 334 2673; x_wconf 82' lang='lat' dir='ltr'><strong>ansam</strong></span> <span class='ocrx_word' id='word_1_136' title='bbox 350 2610 401 2673; x_wconf 88' lang='lat' dir='ltr'><strong>ita·</strong></span> <span class='ocrx_word' id='word_1_137' title='bbox 417 2610 579 2693; x_wconf 90' lang='lat' dir='ltr'><strong>praeberet</strong></span> <span class='ocrx_word' id='word_1_138' title='bbox 596 2611 676 2693; x_wconf 87' lang='lat' dir='ltr'><strong>juris</strong></span> <span class='ocrx_word' id='word_1_139' title='bbox 696 2611 878 2673; x_wconf 87' lang='lat' dir='ltr'><strong>universalis</strong></span> <span class='ocrx_word' id='word_1_140' title='bbox 900 2609 1022 2693; x_wconf 87' lang='lat' dir='ltr'><strong>placitis</strong></span> <span class='ocrx_word' id='word_1_141' title='bbox 1041 2611 1106 2672; x_wconf 88' lang='lat' dir='ltr'><strong>vio-</strong></span> 
     </span>
     <span class='ocr_line' id='line_1_22' title="bbox 116 2720 1107 2809; baseline -0.001 -23"><span class='ocrx_word' id='word_1_142' title='bbox 116 2723 226 2789; x_wconf 84' lang='lat' dir='ltr'><strong>landis.</strong></span> <span class='ocrx_word' id='word_1_143' title='bbox 268 2722 332 2801; x_wconf 82' lang='lat' dir='ltr'><strong>lbi,</strong></span> <span class='ocrx_word' id='word_1_144' title='bbox 355 2733 521 2809; x_wconf 85' lang='lat' dir='ltr'><strong>postquam</strong></span> <span class='ocrx_word' id='word_1_145' title='bbox 541 2723 715 2787; x_wconf 80' lang='lat' dir='ltr'><strong>distinxerit</strong></span> <span class='ocrx_word' id='word_1_146' title='bbox 739 2724 823 2809; x_wconf 84' lang='lat' dir='ltr'><strong>leges</strong></span> <span class='ocrx_word' id='word_1_147' title='bbox 844 2721 963 2787; x_wconf 82' lang='lat' dir='ltr'><strong>divinas</strong></span> <span class='ocrx_word' id='word_1_148' title='bbox 985 2720 1025 2786; x_wconf 88' lang='lat' dir='ltr'><strong>ab</strong></span> <span class='ocrx_word' id='word_1_149' title='bbox 1044 2720 1107 2785; x_wconf 92' lang='lat' dir='ltr'><strong>hu-</strong></span> 
     </span>
     <span class='ocr_line' id='line_1_23' title="bbox 116 2835 1107 2919; baseline 0.002 -20"><span class='ocrx_word' id='word_1_150' title='bbox 116 2838 233 2914; x_wconf 89' lang='lat' dir='ltr'><strong>manis;</strong></span> <span class='ocrx_word' id='word_1_151' title='bbox 265 2858 301 2898; x_wconf 83' lang='lat' dir='ltr'><strong>cx</strong></span> <span class='ocrx_word' id='word_1_152' title='bbox 331 2836 433 2913; x_wconf 87' lang='lat' dir='ltr'><strong>hisce,</strong></span> <span class='ocrx_word' id='word_1_153' title='bbox 460 2858 501 2900; x_wconf 88' lang='lat' dir='ltr'><strong>nc</strong></span> <span class='ocrx_word' id='word_1_154' title='bbox 523 2836 754 2902; x_wconf 82' lang='lat' dir='ltr'><strong>confundantur</strong></span> <span class='ocrx_word' id='word_1_155' title='bbox 775 2837 858 2899; x_wconf 87' lang='lat' dir='ltr'><strong>inter</strong></span> <span class='ocrx_word' id='word_1_156' title='bbox 886 2835 932 2899; x_wconf 82' lang='lat' dir='ltr'><strong>s&#39;e&#39;</strong></span> <span class='ocrx_word' id='word_1_157' title='bbox 946 2835 1107 2919; x_wconf 84' lang='lat' dir='ltr'><strong>politicae,</strong></span> 
     </span>
     <span class='ocr_line' id='line_1_24' title="bbox 116 2929 1107 3035; baseline 0 -23"><span class='ocrx_word' id='word_1_158' title='bbox 116 2929 240 3024; x_wconf 86' lang='lat' dir='ltr'><strong>civiles,</strong></span> <span class='ocrx_word' id='word_1_159' title='bbox 265 2950 424 3035; x_wconf 87' lang='lat' dir='ltr'><strong>gentium,</strong></span> <span class='ocrx_word' id='word_1_160' title='bbox 449 2949 632 3026; x_wconf 83' lang='lat' dir='ltr'><strong>canonicae,</strong></span> <span class='ocrx_word' id='word_1_161' title='bbox 657 2949 898 3025; x_wconf 86' lang='lat' dir='ltr'><strong>ecclesiasticae,</strong></span> <span class='ocrx_word' id='word_1_162' title='bbox 919 2949 1107 3024; x_wconf 75' lang='lat' dir='ltr'><strong>saeculares,</strong></span> 
     </span>
     <span class='ocr_line' id='line_1_25' title="bbox 116 3059 1108 3144; baseline -0.003 -18"><span class='ocrx_word' id='word_1_163' title='bbox 116 3073 176 3127; x_wconf 90' lang='lat' dir='ltr'><strong>etc.</strong></span> <span class='ocrx_word' id='word_1_164' title='bbox 194 3063 344 3144; x_wconf 79' lang='lat' dir='ltr'><strong>exemplis</strong></span> <span class='ocrx_word' id='word_1_165' title='bbox 365 3062 464 3124; x_wconf 88' lang='lat' dir='ltr'><strong>allatis</strong></span> <span class='ocrx_word' id='word_1_166' title='bbox 482 3070 599 3124; x_wconf 85' lang='lat' dir='ltr'><strong>monet.</strong></span> <span class='ocrx_word' id='word_1_167' title='bbox 622 3062 753 3144; x_wconf 88' lang='lat' dir='ltr'><strong>Semper</strong></span> <span class='ocrx_word' id='word_1_168' title='bbox 766 3061 821 3124; x_wconf 87' lang='lat' dir='ltr'><strong>illa</strong></span> <span class='ocrx_word' id='word_1_169' title='bbox 841 3059 983 3143; x_wconf 78' lang='lat' dir='ltr'><strong>exempla</strong></span> <span class='ocrx_word' id='word_1_170' title='bbox 1002 3064 1038 3122; x_wconf 82' lang='lat' dir='ltr'><strong>co</strong></span> <span class='ocrx_word' id='word_1_171' title='bbox 1055 3083 1108 3123; x_wconf 83' lang='lat' dir='ltr'><strong>va-</strong></span> 
     </span>
     <span class='ocr_line' id='line_1_26' title="bbox 115 3171 1109 3256; baseline -0.003 -22"><span class='ocrx_word' id='word_1_172' title='bbox 115 3175 199 3248; x_wconf 86' lang='lat' dir='ltr'><strong>lent,</strong></span> <span class='ocrx_word' id='word_1_173' title='bbox 225 3183 263 3233; x_wconf 90' lang='lat' dir='ltr'><strong>ut</strong></span> <span class='ocrx_word' id='word_1_174' title='bbox 283 3171 476 3248; x_wconf 88' lang='lat' dir='ltr'><strong>ostendatur,</strong></span> <span class='ocrx_word' id='word_1_175' title='bbox 500 3193 563 3234; x_wconf 93' lang='lat' dir='ltr'><strong>non</strong></span> <span class='ocrx_word' id='word_1_176' title='bbox 596 3171 761 3234; x_wconf 75' lang='lat' dir='ltr'><strong>observatis</strong></span> <span class='ocrx_word' id='word_1_177' title='bbox 776 3172 893 3256; x_wconf 85' lang='lat' dir='ltr'><strong>regulis</strong></span> <span class='ocrx_word' id='word_1_178' title='bbox 914 3171 1109 3234; x_wconf 75' lang='lat' dir='ltr'><strong>abductare</strong></span> 
     </span>
    </p>
   </div>
   <div class='ocr_carea' id='block_1_8' title="bbox 40 3281 1173 3372">
    <p class='ocr_par' dir='ltr' id='par_1_9' title="bbox 40 3281 1173 3372">
     <span class='ocr_line' id='line_1_27' title="bbox 40 3281 1173 3372; baseline -0.008 -23"><span class='ocrx_word' id='word_1_179' title='bbox 40 3327 42 3330; x_wconf 95' lang='lat'>-</span> <span class='ocrx_word' id='word_1_180' title='bbox 114 3283 281 3372; x_wconf 88' lang='lat' dir='ltr'><strong>propositis</strong></span> <span class='ocrx_word' id='word_1_181' title='bbox 292 3284 471 3369; x_wconf 78' lang='lat' dir='ltr'><strong>justitiam</strong></span> <span class='ocrx_word' id='word_1_182' title='bbox 492 3282 611 3346; x_wconf 78' lang='lat' dir='ltr'><strong>violari.</strong></span> <span class='ocrx_word' id='word_1_183' title='bbox 641 3283 722 3345; x_wconf 84' lang='lat' dir='ltr'><strong>Ante</strong></span> <span class='ocrx_word' id='word_1_184' title='bbox 747 3283 851 3345; x_wconf 88' lang='lat' dir='ltr'><strong>omnia</strong></span> <span class='ocrx_word' id='word_1_185' title='bbox 873 3281 1037 3365; x_wconf 88' lang='lat' dir='ltr'><strong>praecipit,</strong></span> <span class='ocrx_word' id='word_1_186' title='bbox 1058 3283 1109 3346; x_wconf 77' lang='lat' dir='ltr'><strong>&#39;ca-</strong></span> <span class='ocrx_word' id='word_1_187' title='bbox 1166 3328 1173 3340; x_wconf 86' lang='lat'><strong>.</strong></span> 
     </span>
    </p>
   </div>
   <div class='ocr_carea' id='block_1_9' title="bbox 115 3387 1109 3805">
    <p class='ocr_par' dir='ltr' id='par_1_10' title="bbox 115 3387 1109 3805">
     <span class='ocr_line' id='line_1_28' title="bbox 116 3387 1107 3484; baseline -0.003 -19"><span class='ocrx_word' id='word_1_188' title='bbox 116 3411 242 3476; x_wconf 78' lang='lat' dir='ltr'><strong>ventur,</strong></span> <span class='ocrx_word' id='word_1_189' title='bbox 272 3421 313 3462; x_wconf 91' lang='lat' dir='ltr'><strong>ne</strong></span> <span class='ocrx_word' id='word_1_190' title='bbox 336 3387 407 3484; x_wconf 83' lang='lat' dir='ltr'><strong>legi</strong></span> <span class='ocrx_word' id='word_1_191' title='bbox 426 3409 554 3468; x_wconf 89' lang='lat' dir='ltr'><strong>naturae</strong></span> <span class='ocrx_word' id='word_1_192' title='bbox 580 3408 756 3483; x_wconf 86' lang='lat' dir='ltr'><strong>repugnent</strong></span> <span class='ocrx_word' id='word_1_193' title='bbox 780 3396 917 3462; x_wconf 88' lang='lat' dir='ltr'><strong>humana</strong></span> <span class='ocrx_word' id='word_1_194' title='bbox 950 3397 1107 3475; x_wconf 87' lang='lat' dir='ltr'><strong>instituta,</strong></span> 
     </span>
     <span class='ocr_line' id='line_1_29' title="bbox 116 3509 1109 3597; baseline -0.004 -20"><span class='ocrx_word' id='word_1_195' title='bbox 116 3525 147 3577; x_wconf 92' lang='lat' dir='ltr'><strong>et</strong></span> <span class='ocrx_word' id='word_1_196' title='bbox 181 3512 357 3595; x_wconf 86' lang='lat' dir='ltr'><strong>complures</strong></span> <span class='ocrx_word' id='word_1_197' title='bbox 390 3509 603 3597; x_wconf 83' lang='lat' dir='ltr'><strong>indignatione</strong></span> <span class='ocrx_word' id='word_1_198' title='bbox 631 3510 833 3596; x_wconf 90' lang='lat' dir='ltr'><strong>prosequitur</strong></span> <span class='ocrx_word' id='word_1_199' title='bbox 866 3510 1109 3597; x_wconf 84' lang='lat' dir='ltr'><strong>legumlatores,</strong></span> 
     </span>
     <span class='ocr_line' id='line_1_30' title="bbox 116 3624 1105 3714; baseline -0.006 -23"><span class='ocrx_word' id='word_1_200' title='bbox 116 3630 174 3714; x_wconf 89' lang='lat' dir='ltr'><strong>qui</strong></span> <span class='ocrx_word' id='word_1_201' title='bbox 197 3625 390 3712; x_wconf 83' lang='lat' dir='ltr'><strong>neglexerint</strong></span> <span class='ocrx_word' id='word_1_202' title='bbox 409 3624 495 3689; x_wconf 87' lang='lat' dir='ltr'><strong>illam</strong></span> <span class='ocrx_word' id='word_1_203' title='bbox 519 3625 625 3711; x_wconf 86' lang='lat' dir='ltr'><strong>legum</strong></span> <span class='ocrx_word' id='word_1_204' title='bbox 647 3626 850 3709; x_wconf 81' lang='lat' dir='ltr'><strong>positivarum</strong></span> <span class='ocrx_word' id='word_1_205' title='bbox 874 3624 1105 3688; x_wconf 86' lang='lat' dir='ltr'><strong>condendarum</strong></span> 
     </span>
     <span class='ocr_line' id='line_1_31' title="bbox 115 3758 341 3805; baseline -0.009 0"><span class='ocrx_word' id='word_1_206' title='bbox 115 3761 303 3805; x_wconf 84' lang='lat' dir='ltr'><strong>mensuram.</strong></span> <span class='ocrx_word' id='word_1_207' title='bbox 338 3758 341 3763; x_wconf 83' lang='lat'>·</span> 
     </span>
    </p>
   </div>
   <div class='ocr_carea' id='block_1_10' title="bbox 117 3905 1127 4072">
    <p class='ocr_par' dir='ltr' id='par_1_11' title="bbox 117 3905 1127 4072">
     <span class='ocr_line' id='line_1_32' title="bbox 129 3905 1110 3981; baseline -0.006 -17"><span class='ocrx_word' id='word_1_208' title='bbox 129 3971 134 3980; x_wconf 44' lang='grc'><strong>,</strong></span> <span class='ocrx_word' id='word_1_209' title='bbox 151 3917 189 3981; x_wconf 86' lang='grc'><strong>(1)</strong></span> <span class='ocrx_word' id='word_1_210' title='bbox 208 3917 241 3964; x_wconf 85' lang='lat' dir='ltr'><strong>E.</strong></span> <span class='ocrx_word' id='word_1_211' title='bbox 263 3919 288 3965; x_wconf 74' lang='lat' dir='ltr'><strong>rt.</strong></span> <span class='ocrx_word' id='word_1_212' title='bbox 307 3915 338 3964; x_wconf 84' lang='lat' dir='ltr'><strong>L.</strong></span> <span class='ocrx_word' id='word_1_213' title='bbox 357 3916 385 3962; x_wconf 85' lang='lat' dir='ltr'><strong>x.</strong></span> <span class='ocrx_word' id='word_1_214' title='bbox 403 3917 428 3962; x_wconf 84' lang='lat'><strong>4.</strong></span> <span class='ocrx_word' id='word_1_215' title='bbox 448 3931 516 3980; x_wconf 69' lang='lat' dir='ltr'><strong>app,</strong></span> <span class='ocrx_word' id='word_1_216' title='bbox 545 3916 607 3963; x_wconf 83' lang='lat' dir='ltr'><strong>lle.</strong></span> <span class='ocrx_word' id='word_1_217' title='bbox 625 3917 667 3978; x_wconf 74' lang='lat'><strong>215</strong></span> <span class='ocrx_word' id='word_1_218' title='bbox 696 3905 885 3972; x_wconf 74' lang='lat' dir='ltr'><strong>»Les&#39;natlcu&#39;s,</strong></span> <span class='ocrx_word' id='word_1_219' title='bbox 904 3913 946 3976; x_wconf 86' lang='lat' dir='ltr'><strong>qni</strong></span> <span class='ocrx_word' id='word_1_220' title='bbox 962 3921 1015 3958; x_wconf 79' lang='lat' dir='ltr'><strong>saut</strong></span> <span class='ocrx_word' id='word_1_221' title='bbox 1032 3914 1045 3959; x_wconf 76' lang='lat' dir='ltr'><strong>l</strong></span> <span class='ocrx_word' id='word_1_222' title='bbox 1062 3909 1110 3958; x_wconf 74' lang='lat' dir='ltr'><strong>l&#39;o·</strong></span> 
     </span>
     <span class='ocr_line' id='line_1_33' title="bbox 117 3995 1127 4072; baseline -0.004 -18"><span class='ocrx_word' id='word_1_223' title='bbox 117 4006 177 4072; x_wconf 77' lang='lat' dir='ltr'><strong>gard</strong></span> <span class='ocrx_word' id='word_1_224' title='bbox 194 4005 223 4052; x_wconf 86' lang='lat' dir='ltr'><strong>de</strong></span> <span class='ocrx_word' id='word_1_225' title='bbox 241 4016 293 4054; x_wconf 89' lang='lat' dir='ltr'><strong>tout</strong></span> <span class='ocrx_word' id='word_1_226' title='bbox 320 4005 433 4054; x_wconf 71' lang='lat' dir='ltr'><strong>l’unIvers</strong></span> <span class='ocrx_word' id='word_1_227' title='bbox 452 4022 477 4052; x_wconf 88' lang='lat' dir='ltr'><strong>ce</strong></span> <span class='ocrx_word' id='word_1_228' title='bbox 499 4022 544 4070; x_wconf 86' lang='lat' dir='ltr'><strong>qne</strong></span> <span class='ocrx_word' id='word_1_229' title='bbox 564 4005 599 4052; x_wconf 84' lang='lat' dir='ltr'><strong>les</strong></span> <span class='ocrx_word' id='word_1_230' title='bbox 620 3995 771 4068; x_wconf 73' lang='lat' dir='ltr'><strong>particulicrs</strong></span> <span class='ocrx_word' id='word_1_231' title='bbox 798 4010 852 4050; x_wconf 83' lang='lat' dir='ltr'><strong>sont</strong></span> <span class='ocrx_word' id='word_1_232' title='bbox 871 4000 928 4049; x_wconf 87' lang='lat' dir='ltr'><strong>dans</strong></span> <span class='ocrx_word' id='word_1_233' title='bbox 948 4017 980 4049; x_wconf 90' lang='lat' dir='ltr'><strong>uu</strong></span> <span class='ocrx_word' id='word_1_234' title='bbox 999 4004 1064 4067; x_wconf 71' lang='lat' dir='ltr'><strong>tut,</strong></span> <span class='ocrx_word' id='word_1_235' title='bbox 1083 4019 1127 4050; x_wconf 60' lang='grc' dir='ltr'><strong>εει</strong></span> 
     </span>
    </p>
   </div>
   <div class='ocr_carea' id='block_1_11' title="bbox 47 4092 1108 4164">
    <p class='ocr_par' dir='ltr' id='par_1_12' title="bbox 47 4092 1108 4164">
     <span class='ocr_line' id='line_1_34' title="bbox 47 4092 1108 4164; baseline -0.009 -14"><span class='ocrx_word' id='word_1_236' title='bbox 47 4138 52 4150; x_wconf 88' lang='grc'><em>,</em></span> <span class='ocrx_word' id='word_1_237' title='bbox 117 4106 267 4164; x_wconf 79' lang='lat' dir='ltr'><strong>gouvernent</strong></span> <span class='ocrx_word' id='word_1_238' title='bbox 285 4113 372 4146; x_wconf 78' lang='lat' dir='ltr'><strong>comme</strong></span> <span class='ocrx_word' id='word_1_239' title='bbox 389 4113 435 4143; x_wconf 81' lang='lat' dir='ltr'><strong>eux</strong></span> <span class='ocrx_word' id='word_1_240' title='bbox 453 4112 495 4160; x_wconf 89' lang='lat' dir='ltr'><strong>par</strong></span> <span class='ocrx_word' id='word_1_241' title='bbox 513 4096 534 4143; x_wconf 79' lang='lat' dir='ltr'><strong>le</strong></span> <span class='ocrx_word' id='word_1_242' title='bbox 553 4095 615 4143; x_wconf 88' lang='lat' dir='ltr'><strong>droit</strong></span> <span class='ocrx_word' id='word_1_243' title='bbox 633 4094 736 4160; x_wconf 76' lang='lat' dir='ltr'><strong>inraret,</strong></span> <span class='ocrx_word' id='word_1_244' title='bbox 764 4104 787 4143; x_wconf 88' lang='lat' dir='ltr'><strong>ct</strong></span> <span class='ocrx_word' id='word_1_245' title='bbox 815 4111 856 4160; x_wconf 82' lang='lat' dir='ltr'><strong>par</strong></span> <span class='ocrx_word' id='word_1_246' title='bbox 879 4092 913 4142; x_wconf 81' lang='lat' dir='ltr'><strong>les</strong></span> <span class='ocrx_word' id='word_1_247' title='bbox 939 4093 988 4143; x_wconf 85' lang='lat' dir='ltr'><strong>loix</strong></span> <span class='ocrx_word' id='word_1_248' title='bbox 1011 4092 1108 4161; x_wconf 75' lang='lat' dir='ltr'><strong>qu&#39;sllas</strong></span> 
     </span>
    </p>
   </div>
   <div class='ocr_carea' id='block_1_12' title="bbox 115 4186 362 4263">
    <p class='ocr_par' dir='ltr' id='par_1_13' title="bbox 115 4186 362 4263">
     <span class='ocr_line' id='line_1_35' title="bbox 115 4186 362 4263; baseline -0.012 -23"><span class='ocrx_word' id='word_1_249' title='bbox 115 4211 140 4240; x_wconf 84' lang='lat' dir='ltr'><strong>se</strong></span> <span class='ocrx_word' id='word_1_250' title='bbox 160 4200 215 4239; x_wconf 83' lang='lat' dir='ltr'><strong>sont</strong></span> <span class='ocrx_word' id='word_1_251' title='bbox 234 4186 331 4239; x_wconf 82' lang='lat' dir='ltr'><strong>laites.”</strong></span> <span class='ocrx_word' id='word_1_252' title='bbox 361 4257 362 4263; x_wconf 9' lang='grc' dir='ltr'>ἵ</span> 
     </span>
    </p>
   </div>
   <div class='ocr_carea' id='block_1_13' title="bbox 0 0 1450 5042">
    <p class='ocr_par' dir='ltr' id='par_1_14' title="bbox 0 0 1450 5042">
     <span class='ocr_line' id='line_1_36' title="bbox 0 0 1450 5042; baseline 0 0"><span class='ocrx_word' id='word_1_253' title='bbox 0 0 1450 5042; x_wconf 95' lang='lat' dir='ltr'><strong> </strong></span> 
     </span>
    </p>
   </div>
  </div>
 </body>
</html>
