2892 5042
802 539 865 603 156

328 726 418 790 detur
444 725 511 808 ejus
536 722 711 808 judicium,
737 722 859 808 quoties
880 717 979 784 ethim
998 717 1048 781 rel
1070 712 1196 801 politior
1215 724 1316 800 erguss·

327 846 435 901 mente
453 837 562 924 tangit.
587 837 634 901 Ite
653 857 680 901 e.
701 855 732 921 g.
751 832 826 896 vitio
849 832 939 895 vertit
966 828 1112 903 nummi,
1133 825 1219 912 quod
1240 826 1318 889 iln-

329 948 454 1034 glorum
475 947 727 1013 constitutionem
741 943 888 1018 lendrlrit,
912 943 943 1006 id
957 943 1076 1007 lectum
1094 937 1261 1025 perhibemr
1282 938 1318 999 in

327 1062 473 1125 Franciae
505 1056 605 1146 gentio
638 1067 849 1136 contemtum3
884 1076 976 1141 porro
1007 1053 1114 1118 deesse
1143 1052 1178 1116 in
1212 1049 1319 1133 Opere

326 1172 425 1251 illud,
448 1171 533 1238 unrle
551 1174 686 1238 maxima
703 1173 803 1235 oritur
821 1171 929 1257 legum
948 1167 993 1231 vir
1007 1177 1038 1231 et
1058 1165 1207 1246 efficacia,
1227 1183 1319 1227 sano-

327 1285 446 1352 tionem
464 1285 601 1351 divinem
619 1286 879 1373 legumlatornm,
903 1293 933 1345 et
952 1280 1010 1345 Dei
1022 1278 1181 1357 timorem3
1207 1276 1320 1340 luxum

330 1408 361 1463 et
378 1399 487 1462 foenus
505 1384 588 1464 mlvi
609 1396 759 1485 religione
778 1394 899 1465 admitti
920 1415 983 1457 non
1006 1412 1115 1476 posse,
1134 1388 1196 1454 alia
1221 1386 1233 1476 (
1256 1388 1279 1470 ).

374 1511 517 1598 Denique
535 1512 721 1577 Critieorum
738 1509 823 1574 illim
842 1508 910 1574 aevi
932 1506 1045 1572 duret
1070 1503 1217 1591 magister
1236 1523 1319 1568 vore

330 1647 463 1702 renue,
489 1625 631 1710 proximo
655 1634 729 1689 ente
757 1623 878 1689 obitum
906 1641 989 1685 enno
1021 1613 1150 1707 (1777),
1183 1614 1318 1700 juvenili

330 1735 465 1819 quodem
497 1737 609 1800 ardore
632 1736 908 1803 commentarium
932 1736 970 1796 in
993 1731 1124 1821 placita
1155 1729 1319 1818 quaedam

293 1848 304 1937 J
327 1849 514 1935 praecepera
535 1850 649 1935 operis
673 1845 714 1912 de
734 1844 814 1935 Ing.
836 1845 962 1936 Legum
983 1844 1185 1928 conseripsit,
1209 1842 1266 1907 uhi
1285 1852 1319 1907 et

330 1956 513 2054 methodum
533 1959 676 2025 universe
692 1971 724 2024 et
740 1958 912 2047 singulares
934 1980 1052 2023 errores
1072 1959 1237 2041 vituperat.
1271 1955 1319 2018 lie

331 2070 518 2156 quibusdum
548 2072 812 2137 observationibus
841 2072 990 2152 vidimns3
1026 2083 1147 2137 ceterae
1173 2069 1319 2134 minutiae

330 2180 432 2266 potius
448 2191 605 2264 spectent,
626 2186 728 2267 eoque
746 2186 850 2247 minus
873 2176 992 2269 dignae
1012 2194 1085 2247 sunt
1106 2205 1187 2269 quae
1202 2182 1319 2246 iterum

283 2306 287 2311 '
330 2291 578 2374 perpendantur,
613 2294 762 2379 quoniam
792 2315 970 2358 romonem
998 2294 1083 2359 hund
1112 2284 1204 2375 roro,
1243 2293 1322 2358 dum

329 2402 471 2467 Auctoris
498 2404 572 2469 vitia
592 2405 707 2490 eerpit,
732 2408 797 2492 ipse
818 2407 1028 2495 negligentiae
1056 2407 1234 2495 arguendus
1263 2416 1320 2470 ert.
1360 2415 1363 2421 '

331 2514 483 2579 Omnium
503 2517 652 2582 autemid
664 2520 837 2606 aegerrime
857 2520 939 2598 tulit,
966 2520 1050 2606 quod
1065 2539 1323 2596 rronrnsoorvroe

331 2627 596 2714 parlamentorum
628 2635 817 2717 potentiam,
858 2643 890 2696 et
919 2654 1087 2696 munerum
1124 2631 1322 2696 venelitatem

332 2740 480 2818 laudum,
504 2752 535 2805 et
561 2744 647 2828 quod
663 2766 778 2830 magna
800 2744 901 2828 operis
928 2764 999 2827 pars
1029 2742 1186 2807 contineat
1211 2742 1323 2826 dispu-

332 2854 481 2918 tationem
509 2855 549 2920 de
578 2855 661 2919 Juris
686 2856 826 2919 Franciei
853 2854 1016 2918 barbarice
1044 2853 1165 2938 origine
1192 2864 1223 2918 et
1252 2834 1324 2929 len-

332 2964 445 3028 tlomm
463 2965 598 3030 historie.
621 2968 705 3030 Talia
720 2962 902 3050 philosopho
921 2963 1050 3049 indigne
1072 2962 1236 3040 existimet,
1258 2988 1323 3031 nee

334 3077 503 3165 quiequam
522 3101 559 3143 ex
573 3078 610 3142 iis
625 3078 703 3144 disci
721 3076 838 3167 poene(
860 3073 884 3164 ).

378 3194 485 3269 Porro,
504 3193 578 3259 inde
596 3215 615 3258 e
633 3213 788 3258 vomenrr
808 3189 895 3255 obitu
912 3190 953 3255 ed
973 3208 1126 3254 nesrnrur
1142 3188 1318 3257 Commen-

224 3304 230 3319 '
334 3309 458 3369 tarium
482 3306 619 3390 primum
639 3305 774 3383 editum,
803 3303 866 3367 duo
884 3304 1007 3368 tantum
1029 3304 1182 3388 opuscula
1201 3303 1241 3368 de
1260 3305 1319 3371 hoo

366 3497 402 3562 (l)
419 3499 545 3564 curren,
572 3501 630 3552 Otr,
652 3521 698 3552 eor
717 3502 769 3552 l'lr'.
798 3502 885 3566 Μ,
909 3517 962 3568 pag.
982 3504 1013 3568 8,
1033 3504 1066 3553 72
1087 3518 1155 3569 sqq„
1180 3505 1229 3552 1oo
1247 3519 1317 3570 rqq.,

334 3587 478 3637 120—160.
505 3591 574 3637 Lecto
593 3606 774 3649 uorrrsonrrrr
792 3610 893 3658 operer
916 3594 1031 3659 religione
1054 3594 1185 3643 Christienl
1203 3594 1315 3643 alienates

331 3679 404 3729 luisse
421 3677 542 3727 hominum
557 3689 645 3727 mentes
662 3679 762 3728 docuere
780 3684 854 3744 etiem
870 3684 975 3732 semitae
989 3686 1016 3732 in
1032 3688 1126 3735 Dianio
1140 3686 1316 3747 strumenti,

331 3773 404 3822 lunio
422 3773 562 3839 17⁰1,prg
589 3771 666 3820 1012.

366 3865 401 3932 (2)
420 3867 578 3929 cornorum,
604 3864 757 3929 Renmrquee
781 3879 828 3913 eor
846 3865 869 3912 lo
886 3862 992 3911 11Χ1111110
1017 3866 1081 3913 livre
1103 3867 1134 3916 de
1156 3864 1211 3916 ΓΕ.
1231 3868 1255 3915 tl.
1271 3868 1310 3926 L„

331 3956 395 4020 eubj.
414 3957 466 4006 edd.
481 3971 605 4021 nesrnrrt,
623 3956 749 4005 Perisienri
767 3965 791 4003 et
809 3954 931 4004 leodiensl
941 3955 1017 4018 1817,
1035 3959 1093 4004 item
1109 3956 1235 4006 Peririemi
1251 3959 1316 4006 1822

332 4055 357 4093 et
372 4049 474 4095 versioni
491 4050 570 4098 Germ.
593 4051 633 4097 eit.
652 4059 717 4099 unct.
735 4060 868 4110 monerem,
887 4054 910 4095 v}
928 4048 967 4113 ΙΙ,
986 4064 1039 4113 pag.
1060 4049 1205 4099 roo-231.
1221 4073 1253 4090 .-
1281 4049 1312 4096 lle

332 4146 516 4192 nontrromvro
534 4143 643 4189 universe
660 4140 706 4190 duo
723 4142 790 4206 parvi
807 4139 918 4206 ponderie
935 4142 1021 4206 scripte
1039 4158 1100 4190 enno
1115 4142 1149 4191 Vl
1167 4141 1231 4191 erlite
1248 4141 1311 4190 Peri·

331 4229 373 4277 riis
389 4235 462 4279 eoett.
480 4225 586 4275 uetuere
597 4240 622 4277 et
639 4243 669 4278 ne
686 4245 717 4277 rr
737 4245 822 4279 enorx.
833 4258 868 4270 --
885 4233 923 4282 Cf.
943 4231 1064 4295 nolum,
1082 4232 1100 4281 l.
1112 4250 1132 4284 e.
1152 4235 1274 4298 pamm,
1294 4231 1313 4277 l·
