2892 5042
577 523 618 583 67

104 708 165 766 tate
185 700 246 762 lrui
266 700 442 768 maleficum
472 704 574 787 capite
594 702 791 781 demnatum,
818 705 893 789 quia
913 705 1016 791 legem
1036 710 1087 771 ci-

103 811 188 875 vitati
211 816 413 880 neeessariam
430 815 569 894 violarit,
594 838 689 903 quam
713 815 963 901 potentissimum
983 820 1086 883 virum

101 922 134 987 iu
157 923 312 1010 despotico
333 949 447 1015 regno,
479 930 535 993 nbi
560 932 623 994 vita
650 941 682 993 et
706 930 789 994 bona
808 932 949 1014 precarib
974 942 1087 995 tenen-

101 1046 168 1113 tur,
193 1048 223 1100 et
242 1062 260 1103 a
284 1042 433 1126 principis
455 1042 584 1106 arbitrio
604 1040 744 1126 pendent
765 1040 779 1130 (
801 1038 826 1127 ).

44 1195 51 1202 .
143 1151 171 1213 A
200 1151 387 1235 quibusdam
409 1153 602 1238 vituperatur
621 1158 739 1217 Auctor
757 1155 813 1230 N„
848 1153 934 1239 quod
960 1155 1004 1218 ita
1022 1176 1087 1218 non

101 1262 173 1328 setis
196 1264 259 1327 late
278 1267 422 1330 sumserit
452 1267 620 1330 libertatis
646 1265 904 1350 appellationem,
931 1265 995 1351 qud
1013 1287 1087 1329 saue
1160 1263 1164 1270 ’

98 1373 190 1439 hodie
204 1377 300 1460 plura
320 1377 542 1463 comprehendi
562 1379 677 1456 solent;
704 1400 809 1462 porro,
832 1378 918 1462 quod
938 1378 1087 1444 refutan-

99 1487 147 1551 dis
165 1488 306 1552 absurdis
327 1488 487 1553 sententiis
505 1488 545 1552 de
562 1487 734 1573 puniendis
750 1488 934 1551 criminibus
952 1489 1086 1574 magiae,

100 1600 260 1664 haereseos
284 1612 344 1666 etc.
364 1601 464 1665 multa
486 1602 620 1685 capitula
639 1600 827 1686 impenderit
849 1596 908 1688 (2).

146 1714 264 1780 Verium
283 1711 384 1777 uoluit
395 1735 649 1791 uonrnsomvros
665 1715 757 1798 plura
776 1723 943 1800 praecepta
963 1712 1089 1798 politica

100 1826 237 1905 tradere,
271 1850 369 1913 quam
391 1850 475 1913 quae
494 1829 560 1913 ipso
587 1849 623 1890 eo
647 1838 804 1912 tempore,
831 1849 895 1912 quo
914 1849 992 1911 opus
1013 1835 1102 1890 con-'

100 1941 307 2017 scribebatur,
323 1941 471 2005 effectum
487 1941 589 2002 sortiri
600 1951 735 2023 possent.
759 1940 824 2003 Nec
836 1938 975 2022 putabat,
992 1938 1093 2001 multa
1127 1989 1131 1994 .

102 2052 301 2117 reformanda
320 2074 396 2128 esse,
415 2051 469 2115 scd
490 2049 669 2115 eaveudum
697 2051 820 2114 tantum
840 2050 880 2114 ab
902 2050 985 2134 ejus,
1008 2049 1093 2136 quod

98 2167 282 2232 institutum
315 2175 409 2242 esset,
444 2164 553 2230 abusu.
601 2164 740 2229 Obsoleti
762 2157 871 2251 'igitur
899 2163 966 2249 jam
997 2162 1094 2247 topici

97 2301 146 2344 ue
167 2279 367 2343 immemores
389 2278 499 2358 simus3
525 2280 570 2342 »E
594 2279 641 2342 sui
662 2278 808 2365 temporis
828 2280 947 2345 ratione
968 2275 1094 2361 dijudi-

98 2391 235 2458 candum
256 2414 322 2454 esse
337 2392 519 2475 scriptorem
528 2397 559 2470 ;'’
582 2413 685 2476 neque
709 2414 802 2477 aegre
821 2392 958 2455 feramus
977 2411 1092 2476 angus·

101 2485 194 2569 tiores
211 2502 310 2587 ipsius
329 2502 469 2565 notiones
488 2502 528 2564 de
549 2502 693 2565 libertate
709 2502 804 2566 cirili.

36 2589 40 2600 ¹
142 2613 317 2678 Fatendum
343 2623 448 2685 tamen
473 2623 530 2689 est,
553 2610 626 2676 binc
657 2612 812 2687 evenisso,
837 2622 872 2674 ut
898 2610 1093 2697 gravissimae

87 2703 301 2815 xquaestiones
330 2725 371 2789 de
400 2724 528 2809 publicai
556 2725 656 2788 salute
688 2734 719 2787 et
753 2721 916 2789 hominum
948 2723 1091 2806 juribus,

101 2865 130 2907 e.
156 2865 187 2928 g.
223 2838 310 2926 quod
334 2838 374 2903 ad
395 2839 533 2902 liberum
553 2837 659 2902 cultris
684 2836 868 2901 exercitium
895 2848 927 2901 ct
946 2837 1092 2923 negotio·

99 2977 169 3020 rum
188 2975 317 3022 suorum
337 2952 527 3040 gestionem,
548 2951 704 3016 nonsatis
726 2949 900 3016 elaboratae
923 2950 1050 3016 fuerint.

141 3066 351 3133 Nihilominus
374 3086 569 3140 renuamus,
602 3063 744 3147 quamvis
768 3065 929 3149 ceteroqui
952 3083 1090 3129 neurus-

98 3199 242 3258 omvruu
262 3175 384 3260 saepius
411 3176 622 3260 negligentiae
649 3184 681 3236 et
705 3174 824 3237 inutilis
854 3174 1015 3238 doctrinae
1039 3196 1092 3237 ar-

41 3267 44 3272 !
70 3303 77 3316 ‘
101 3289 226 3377 guerit,
262 3287 366 3351 dicere
404 3286 521 3372 potuit:
563 3286 689 3350 »Genus
724 3284 899 3350 humanum
925 3287 998 3370 jura
1037 3309 1091 3350 sua

96 3404 263 3479 amiserat,
289 3402 405 3485 reperit
425 3401 480 3465 illa
502 3404 795 3479 uonrusonrvrus;’'
818 3410 848 3464 et
868 3399 954 3478 alibi,
973 3399 1089 3464 librum

98 3517 140 3584 de
162 3514 307 3604 Ingenio
327 3513 469 3603 Legum,
495 3512 656 3578 »codicem
676 3523 778 3578 rectae
798 3513 925 3578 rationis
944 3523 976 3580 et
994 3513 1088 3578 liber-

8 3667 11 3680 ·
97 3630 190 3693 tatis''
223 3628 416 3712 nuncuparit
446 3625 504 3714 (3).
546 3626 612 3690 Hoc
635 3624 794 3708 judicium
822 3624 896 3690 inde
928 3628 1088 3711 explican-

133 3944 174 4011 (1)
192 3947 226 3992 Ε.
246 3944 271 3995 d.
288 3946 317 3993 L.
336 3944 389 3992 xlt.
409 3938 435 4008 θ’,
454 3944 511 3993 coll.
528 3943 569 3990 Xl.
589 3944 605 3989 6
624 3943 716 4005 passim.

136 4034 177 4099 (2)
195 4036 322 4100 Praecipue
339 4048 444 4083 nsernrr
461 4046 491 4080 ur
507 4045 595 4092 runos,
617 4035 705 4080 Comm.
717 4048 740 4080 v.
760 4030 787 4091 l,
805 4045 858 4095 pag.
871 4031 931 4099 221,
949 4034 1010 4097 256,
1028 4038 1105 4088 ³18.¹

134 4123 175 4194 (3)
193 4125 328 4187 Vnumne,
347 4128 435 4173 Comae.
454 4125 508 4186 ein,
525 4129 699 4188 arantpscpos.
718 4147 750 4161 -·
769 4119 806 4170 ld.
823 4124 895 4173 Dns.
909 4127 980 4179 Plts‘l.
992 4145 1017 4177 r.
1031 4131 1090 4179 lois

100 4222 206 4291 (Esprit
223 4216 287 4284 dee).

914 4315 966 4373 5*
