2892 5042
829 552 871 613 84

392 738 518 812 Vereor,
533 757 584 811 ne,
601 734 678 799 dum
691 734 801 798 duram
812 734 962 817 repellere
982 731 1077 795 velim
1097 730 1335 807 contumeliam,

346 851 383 913 eo
397 848 546 924 abducar,
565 860 600 911 ut
621 848 881 933 panegyricorum
909 864 995 907 more
1014 843 1060 905 nil
1075 843 1134 906 nisi
1159 842 1284 928 elegans
1304 850 1337 903 et

345 960 505 1025 laudabile
522 962 556 1023 in
575 959 727 1042 opusculo
747 957 845 1021 hocce
866 955 1032 1019 inveniam.
1072 954 1217 1016 Attamen
1236 953 1335 1015 altera
1435 1026 1436 1035 ἵ

345 1070 447 1137 adbuc
461 1080 553 1135 restat
570 1067 814 1151 scriptiuncula,
835 1065 898 1150 qud
914 1063 1058 1148 perhibet
1071 1084 1114 1139 re,
1131 1083 1239 1125 causas
1250 1063 1334 1124 inte-
1435 1056 1436 1111 ἶ

345 1182 421 1244 ritus
440 1181 565 1264 imperii
588 1179 721 1243 Romani
740 1179 816 1241 item
834 1197 898 1240 esse
914 1194 1097 1239 cromanae
1117 1174 1239 1256 petitas.
1272 1171 1336 1234 Hic
1433 1160 1436 1183 ¹

345 1289 449 1354 denuo
463 1288 651 1375 quibusdam
674 1288 878 1353 conveniunt.
901 1285 984 1348 Dixit
995 1294 1129 1367 uterque
1153 1286 1196 1346 1⁰.
1212 1282 1336 1346 discor·
1435 1344 1436 1381 ,

343 1400 410 1465 dias
420 1400 530 1464 civiles
539 1400 631 1462 exitio
642 1399 736 1461 fuisse
744 1398 903 1461 Romanae
914 1395 1115 1478 reipublicae.
1138 1392 1334 1458 Hocceeffa-
1435 1464 1436 1473 χ

343 1510 505 1574 turudum
524 1519 701 1594 exponeret,
721 1507 1066 1582 reverduonrnsomvrr
1086 1505 1204 1569 calamo
1214 1504 1334 1568 excidit
1435 1522 1436 1527 ¹

316 1632 318 1639 ’
344 1622 535 1696 observatio,
563 1642 660 1705 quam
683 1617 768 1703 apud
793 1638 973 1682 noswurorr
995 1636 1123 1701 quoque
1146 1614 1333 1700 reperimus;

343 1732 471 1806 seilicet,
481 1729 622 1791 homines
636 1739 740 1792 tantae
748 1726 896 1792 audaciae
904 1727 939 1789 in
947 1726 1039 1790 bellis
1058 1725 1177 1802 exteris,
1197 1736 1335 1811 quantu
1435 1710 1436 1731 ¹

237 1918 239 1921 Ι
342 1840 474 1903 Romani
505 1839 609 1916 luere,
640 1841 690 1902 vix
708 1839 845 1923 potuisse
869 1836 953 1900 domi
976 1839 1118 1921 quietam
1140 1837 1236 1901 uum
1261 1857 1334 1921 age-

344 1976 378 2017 re
398 1950 457 2038 (1).
497 1951 616 2018 Verdm
644 1951 697 2016 hle
722 1951 862 2015 subsistit
882 1951 1062 2033 episeopus;
1086 1959 1189 2013 noster
1208 1959 1334 2027 contra,

343 2061 476 2127 ulterius
505 2083 699 2147 progressus,
731 2060 864 2125 ostendit
895 2081 958 2123 non
986 2058 1068 2123 illud
1098 2062 1216 2145 ipsum,
1248 2057 1334 2144 qnod

344 2172 492 2236 factiones
501 2170 650 2248 adessent,
663 2171 891 2256 rempublicam
903 2169 1158 2254 pessumdedisse,
1171 2170 1225 2234 sed
1240 2170 1333 2247 illud,

343 2280 428 2366 quod
459 2279 570 2372 privati
599 2282 672 2363 ipsis
698 2282 747 2343 usi
768 2282 829 2343 sint
865 2279 905 2343 ad
927 2281 1178 2346 constitutionem
1196 2292 1335 2346 everten-

343 2393 424 2480 dam.
469 2392 510 2454 At
532 2391 609 2455 baec
639 2391 718 2455 forte
746 2393 905 2477 ampliatio
932 2392 1094 2457 vocabitur
1120 2413 1334 2479 eorumquae

338 2504 406 2587 jam
426 2523 597 2567 sossunrns
621 2505 761 2586 protulit.
797 2503 882 2584 Quid
904 2504 1002 2590 igitur
1023 2488 1190 2568 dicendum
1219 2504 1259 2569 de
1281 2527 1333 2573 eo.-

342 2614 432 2692 dem,
450 2614 507 2678 ubi
524 2612 559 2702 (l.
575 2636 603 2680 c.
621 2636 689 2698 cap.
713 2620 733 2678 7
752 2613 869 2701 medio)
891 2618 958 2678 sine
982 2616 1049 2679 ulla
1067 2615 1272 2693 distinctione,
1293 2617 1334 2681 de

341 2726 449 2811 primis
464 2724 625 2790 discordiis
640 2735 765 2808 patrum
785 2736 817 2789 et
836 2726 956 2810 plebis,
977 2736 1072 2811 atque
1092 2726 1132 2790 de
1151 2727 1241 2792 bellis
1260 2729 1335 2792 ciri-

342 2836 425 2909 libus
441 2856 541 2919 usque
557 2835 596 2897 ad
611 2856 773 2898 caumas
789 2834 958 2918 loquitur?
979 2836 1088 2900 Nescio
1106 2859 1147 2901 an
1163 2837 1207 2902 ita
1228 2840 1332 2924 opina-

343 2955 451 3009 rentur
471 2944 525 3008 alii
544 2944 654 3007 eodem
672 2966 750 3009 aevo
767 2943 827 3007 riri
847 2943 946 3026 docti3
966 2957 998 3010 at
1022 2947 1094 3012 luce
1116 2949 1228 3014 clarius
1247 2962 1334 3034 pate-

341 3056 417 3119 fecit
443 3074 711 3132 uorranspusvsus,
742 3052 949 3139 patriciorum
981 3067 1012 3119 et
1039 3059 1235 3143 plebejorum
1264 3061 1341 3124 lites·

345 3167 450 3263 plane,
471 3165 591 3230 sublatd
610 3165 712 3243 causa,
731 3189 882 3251 cessasse,
904 3189 940 3232 ex
962 3189 1027 3253 quo
1053 3170 1139 3256 leges
1159 3171 1198 3235 V
1195 3172 1332 3249 alenae,

251 3304 255 3309 ¹
346 3279 492 3356 Licentia,
502 3277 698 3356 Hortensia,
714 3280 793 3345 aliae
808 3281 898 3359 latae,
912 3291 1007 3367 atque
1025 3283 1246 3348 communicati
1262 3306 1335 3348 cum

345 3391 476 3474 plebejis
494 3393 706 3488 magistratds;
731 3412 824 3475 porro
842 3392 1002 3475 optimates
1030 3392 1228 3478 nobilesque,
1256 3416 1335 3479 quos

220 3574 227 3585 ἱ
346 3498 445 3563 adorti
461 3521 576 3563 nessus
596 3510 626 3563 et
646 3522 809 3578 edacem,
830 3501 916 3565 aliud
938 3502 1032 3588 longe
1055 3503 1219 3568 bominum
1237 3528 1336 3592 genus

344 3611 439 3673 luisse
462 3632 498 3674 ac
529 3610 671 3695 antiquos
696 3611 853 3695 patricios.
886 3615 952 3679 Nec
976 3616 1249 3698 praetermittenda
1269 3619 1335 3701 ejus

347 3723 542 3808 conjectura,
559 3721 629 3787 ideo
655 3746 751 3802 uann
769 3724 897 3789 demum
913 3736 1055 3811 tempore
1074 3727 1108 3790 in
1127 3738 1250 3792 tantum
1268 3730 1335 3793 bel-

347 3838 415 3900 lum
434 3835 577 3899 exarsisse
604 3835 786 3915 discordias,
807 3838 893 3923 quod
913 3849 990 3905 tunc
1012 3838 1159 3915 demum,
1189 3861 1335 3904 commu-

347 3948 447 4013 nicatd
474 3969 546 4012 cum
575 3947 663 4012 sociis
688 3949 829 4027 civitate,
855 3960 918 4014 tota
944 3949 1033 4014 Italia
1061 3950 1245 4016 factionibus
1264 3955 1337 4016 *sese
1429 3982 1430 4001 1

383 4176 419 4242 (l)
437 4177 548 4243 Bessum,
568 4177 635 4244 clap.
655 4180 670 4225 6
688 4189 747 4228 extr,
770 4184 813 4230 Gr.
830 4188 856 4229 et
877 4180 940 4232 Dte.
958 4172 1024 4246 cbtp.
1045 4181 1061 4226 9
1080 4181 1141 4231 med,
