2892 5042
604 497 647 557 23

123 700 182 763 me
202 700 379 768 congruere
405 680 514 762 docet,
541 702 602 745 neo
627 679 672 744 ita
694 680 788 745 facile
808 678 1008 764 simpliciores
1024 676 1114 745 reddi

123 814 230 879 posse,
253 793 313 857 nisi
331 792 401 878 quis
420 792 496 856 velit
515 791 692 858 libertatem
716 791 841 858 civilem
861 811 986 876 pessum
1004 791 1091 860 dere.

168 907 303 990 Semper
328 906 365 968 els
385 904 515 969 tendunt
533 904 652 970 monita
671 904 726 970 ille
745 914 777 968 et
795 902 943 968 historica
958 903 1111 990 exempla,

106 1012 209 1103 'quae
230 1015 352 1094 laudet,
376 1026 413 1080 ut
435 1015 552 1103 singuli
572 995 726 1083 societatis
753 1014 852 1079 civilis
879 1013 1003 1080 ordines
1022 1036 1112 1081 suam

121 1127 311 1216 dignitatem
327 1138 482 1204 tueantur,
497 1150 558 1193 nec
569 1128 679 1192 leviter
693 1127 843 1195 recedant
860 1129 902 1194 eh
918 1128 1024 1193 indole
1038 1151 1114 1193 suae

34 1295 37 1305 .
122 1239 261 1325 quisque
279 1240 514 1308 constitutionis.
537 1242 724 1306 Praesertim
740 1264 846 1328 neque
867 1241 1032 1327 superbius
1047 1262 1113 1305 sese

122 1352 250 1429 efferet,
264 1373 369 1436 neque
385 1351 576 1438 deprimatur
588 1354 733 1417 nobilitas
745 1353 906 1433 militaris,
927 1375 1030 1439 neque
1040 1375 1112 1418 ma-
1200 1402 1206 1411 .

124 1467 317 1552 gistrmuum
334 1466 478 1552 dignitati
497 1467 675 1554 derogetur,
694 1479 811 1534 monet.
832 1469 975 1553 Namque
993 1469 1113 1552 saepius

122 1577 235 1641 statuit
254 1587 285 1641 et
301 1588 410 1663 urget,
435 1578 569 1663 (pristini
588 1579 729 1643 muneris
748 1576 832 1644 haud
853 1579 1029 1663 immemor)
1050 1579 1113 1644 uti-

121 1687 292 1766 lissimam,
317 1687 381 1751 imo
400 1689 619 1768 necessariam,
648 1700 685 1754 ut
706 1711 840 1777 regnum
866 1689 1026 1756 incolume
1048 1713 1112 1757 ser-

121 1809 232 1877 retur,
256 1820 321 1863 esse
341 1799 607 1882 parlamentorum
624 1800 841 1865 auctoritatem
859 1799 1020 1885 politicam
1031 1797 1091 1887 (1).

167 1909 290 1976 Eddem
321 1910 450 1975 tendere
469 1911 627 1985 ‚ridentur
654 1922 766 1976 acutae
792 1911 1005 1976 distinctiones
1032 1910 1114 1976 inter

121 2021 793 2110 regnemonarehioaetdespotiea,quorum
802 2020 885 2086 illud
894 2020 1116 2108 ubiqueprae-
1153 2060 1155 2063 v

121 2137 258 2221 eipuum
268 2132 495 2218 pronunciatur
505 2132 677 2211 criterium,
684 2132 808 2220 quodin
815 2132 1115 2200 monarchiidirersi

122 2247 189 2313 sint·
210 2245 326 2311 civium
344 2245 476 2324 ordines,
498 2257 530 2311 et
549 2247 655 2312 curiae
675 2246 726 2311 rel
746 2246 879 2334 collegia
897 2246 1025 2335 publice
1037 2269 1114 2314 oue·

122 2359 250 2425 teritate
265 2357 417 2442 praedite3
441 2381 529 2423 secus
549 2359 584 2423 in
600 2359 746 2444 despotae
767 2356 1113 2447 deraemistae

124 2482 235 2537 autem
257 2468 383 2554 imperii
403 2469 504 2534 sormi
528 2470 660 2535 lectores
680 2490 751 2534 suos
773 2471 947 2535 absterrere
968 2492 1114 2537 summo-

124 2602 205 2668 pere
225 2579 410 2645 enitebatur,

170 2689 316 2776 Denique
335 2686 431 2772 hujus
453 2694 471 2776 §
497 2689 704 2755 summarium
732 2687 831 2754 hocce
854 2687 977 2754 videtur
993 2689 1113 2757 eddess-

124 2806 221 2870 dum:
242 2802 305 2868 ue
323 2809 434 2867 aetate
453 2809 487 2867 et
505 2801 618 2869 indole
631 2823 865 2880 uonrmourvn
879 2804 1034 2890 cognitis,
1053 2826 1114 2870 nee

123 2940 190 2984 noer
208 2934 226 2981 e
242 2917 462 3006 mirantes
482 2938 617 3005 opressus
630 2917 714 2981 loeis
729 2925 838 3006 potet,
849 2939 922 2983 esser
935 2939 1114 2984 occurrere

123 3034 269 3098 volume
296 3031 416 3106 molis,
446 3052 532 3117 quae
562 3038 710 3095 censeret
731 3034 874 3119 patriae
895 3039 928 3095 et
948 3029 1115 3120 Europae

125 3149 287 3209 instoree
304 3143 465 3229 neglectis
483 3162 591 3206 meurs
601 3141 728 3205 studiis
739 3163 845 3229 penes
858 3145 1063 3230 imperantes
1080 3151 1115 3206 et
1142 3144 1148 3153 ’

161 3318 249 3388 (l)1s'.
269 3320 296 3369 d.
312 3320 343 3368 L.
361 3317 430 3383 Xlll.
448 3319 496 3380 ²⁰5
514 3315 551 3365 »lt
567 3332 615 3382 ya
638 3332 671 3364 un
684 3315 721 3363 lot
736 3332 795 3381 pour
814 3314 905 3382 chaque
917 3316 1057 3381 profession.
1079 3320 1112 3369 In

125 3413 202 3479 gleire
218 3420 244 3461 et
264 3409 389 3460 l’honneur
412 3416 621 3475 sontpourcette
639 3406 761 3472 noblesse,
780 3408 825 3475 qui
846 3409 1000 3471 reseruati,
1018 3411 1062 3477 qui
1081 3428 1112 3461 ne
1177 3386 1180 3395 Ι
1215 3455 1217 3459 ,

124 3492 192 3572 ναῖς
205 3506 248 3572 qui
261 3520 291 3553 ne
309 3512 363 3552 sent
374 3501 403 3552 de
419 3502 469 3551 rrai
483 3499 556 3566 bien,
575 3517 621 3567 que
638 3498 764 3553 l'honneur
779 3508 804 3551 et
822 3500 847 3550 le
864 3500 950 3566 gleire.
977 3504 1009 3553 Le
1019 3517 1112 3573 respect

125 3608 152 3648 et
166 3598 192 3646 lr
208 3594 380 3646 consideration
396 3602 450 3643 sont
465 3609 526 3659 pour
544 3610 582 3644 ees
598 3594 716 3643 ministres
734 3603 760 3645 et
776 3611 814 3644 ces
833 3595 981 3660 magistrate,
1004 3598 1062 3664 qni,
1080 3616 1111 3648 ne
1172 3596 1174 3599 ’

123 3697 236 3740 trouvent
251 3703 299 3753 que
315 3685 338 3735 le
356 3685 441 3735 uerri]
458 3688 528 3751 opres
545 3684 569 3734 le
587 3687 687 3754 usvail,
709 3686 811 3737 reilleut
829 3690 884 3739 uuit
899 3697 925 3758 et
938 3689 993 3750 jour
1010 3705 1070 3753 pour
1087 3689 1112 3737 le

124 3780 233 3831 bonheur
249 3779 279 3828 de
296 3774 432 3843 l'empire.’'

157 3871 197 3940 (2)
214 3873 245 3922 V.
263 3873 326 3920 inter
344 3869 413 3935 plura
431 3869 535 3918 men
547 3869 618 3918 vm.
635 3868 666 3931 ⁰5
684 3869 745 3917 »Ias
763 3865 1106 3932 monarchiessecerrompent‚
1195 3868 1198 3881 ⁸

124 3961 246 4030 lorsqu'on
267 3965 306 4011 dte
322 3977 369 4025 peu
387 3979 402 4009 e
419 3976 466 4025 peu
482 3959 517 4006 les
534 3960 693 4025 prerogetiree
709 3958 751 4009 dee
769 3974 853 4023 corps,
878 3975 910 4006 ou
932 3955 967 4007 les
982 3958 1109 4027 privileges

124 4053 167 4105 des
182 4053 261 4105 villes.
293 4053 356 4103 llens
373 4052 397 4099 le
414 4051 517 4114 premier
539 4063 589 4116 ers,
604 4066 641 4117 ,on
657 4066 687 4098 ve
708 4066 739 4099 eu
755 4048 895 4117 despotisme
918 4048 947 4103 de
965 4060 1034 4121 tous,
1050 4053 1109 4109 iem

124 4143 209 4196 l’eutre
226 4161 256 4195 ee
270 4143 408 4210 lepram
425 4138 483 4190 d’on
499 4138 577 4191 seul.''
