2892 5042
601 533 662 592 163
747 529 751 537 ’

128 709 340 800 inhaererent
365 712 448 775 Hinc
467 709 673 793 repetendum
696 704 815 775 dictum
831 710 925 775 illud:
958 711 1066 779 »Veris
1088 721 1119 772 et

126 823 232 906 peritis
264 821 422 905 judicibus
452 842 529 906 opus
560 821 674 898 luisse,
705 832 741 885 ut
776 821 953 906 complures
987 822 1116 885 leviores

127 932 268 998 homines
293 955 555 1010 rrorrrnscurvrou
578 935 754 999 admirari
774 935 961 998 clr'scerent”
982 933 1040 1020 (1).

71 1061 75 1065 “
142 1052 153 1074 ’
171 1046 300 1129 Magnus
319 1045 490 1109 editionum
507 1067 675 1120 uumerus,
695 1065 777 1128 quae
794 1046 945 1110 continuo*
958 1044 1118 1128 prodiere,

129 1167 315 1241 argumento
332 1165 393 1232 cst,
417 1165 535 1240 quanto
546 1154 648 1218 studio
657 1155 776 1220 lectum
798 1156 908 1219 exinde
921 1157 1118 1241 lueritopus3
1212 1184 1214 1189 ·

128 1268 237 1329 rerum
248 1261 410 1358 scriptores
421 1264 625 1351 philosophici
635 1266 682 1329 illi
693 1244 824 1331 nonnisi·
833 1267 1002 1353 singularia
1012 1288 1119 1331 exem-¹

128 1377 180 1459 pla
210 1375 356 1441 lubenter
381 1379 422 1441 ab
448 1398 485 1440 eo
512 1377 743 1454 describebant,
773 1389 828 1445 aut
848 1380 947 1461 ipsius
969 1379 1060 1443 effata
1080 1378 1130 1442 dc.

107 1486 315 1570 ,respousmo
350 1499 382 1550 et
417 1488 637 1575 superstitione
669 1489 917 1574 amplificabant,
953 1510 1034 1565 non,
1073 1479 1120 1552 'uti

127 1600 253 1675 Noster,
278 1601 427 1666 Franciae
446 1601 678 1679 monarchiam,
708 1602 762 1666 sed
788 1603 932 1667 universe
945 1603 1120 1677 democra—
1224 1683 1227 1689 Ι

128 1710 204 1773 tiam
225 1711 477 1777 commendantes
498 1711 510 1801 (
533 1710 557 1797 ).

172 1821 306 1897 Verum,
338 1822 423 1906 quod
448 1823 488 1913 ud
515 1824 596 1906 juris
621 1823 741 1905 publici
767 1823 885 1887 adtinet
905 1813 1118 1906 disciplinam,
1177 1844 1182 1912 j

129 1930 200 1998 inor
221 1931 254 1997 in
277 1933 407 1996 Franciri
431 1932 543 1997 exstitit
564 1953 642 1994 nova
671 1934 750 1995 ratio
770 1943 800 1993 et
818 1933 999 2006 auotoritas,
1028 1955 1119 2017 quae,

128 2042 230 2128 magis
262 2045 358 2107 etiam
382 2064 479 2128 quam
502 2042 785 2128 Montesquiriena‚
812 2041 987 2111 bominum
1000 2056 1121 2109 mentes

127 2154 253 2219 allicere
263 2155 432 2230 videbatur,
448 2177 562 2240 nempe
571 2177 749 2241 noussutr,
762 2156 900 2238 primdtn
912 2156 995 2219 edito
1006 2154 1121 2240 (1761)

112 2265 313 2331 Contracta
325 2264 471 2343 Sodali,
493 2277 661 2351 postquem
673 2266 878 2350 jampridem
894 2263 1009 2353 (1754)
1027 2288 1121 2352 mag-

129 2397 202 2440 nam
224 2374 282 2440 sibi
308 2378 424 2442 lamam
439 2379 619 2460 peperisset,
642 2378 757 2458 scripto
781 2378 822 2447 de
842 2380 1005 2447 tomz'aum
1027 2382 1121 2445 oboe-

128 2487 297 2573 qrtalitote
329 2507 475 2568 responso
501 2485 540 2548 ad
563 2486 777 2567 quaestionem
806 2486 992 2553 Academiae
1017 2487 1120 2551 Divio-
1186 2536 1188 2540 ,
1221 2501 1223 2504 ⁴

131 2597 243 2670 nensis,
275 2598 390 2672 Nemo,
412 2608 449 2661 ut
462 2596 591 2681 opinor,
616 2619 635 2659 a
661 2608 889 2672 norrnscnrrrr
909 2600 1028 2665 ratione
1053 2599 1120 2663 lon-

129 2710 198 2796 gius
227 2708 381 2777 divertere
407 2709 526 2792 potuit,
559 2729 654 2794 quam
687 2696 896 2776 senserimus.¹
934 2711 994 2775 Hic
1021 2712 1120 2786 enim,

128 2821 253 2887 moestis
274 2821 513 2906 cogitationibus
542 2831 578 2885 ut
602 2832 668 2885 erat
690 2832 845 2897 assuetus,
874 2821 912 2887 ad
938 2823 1120 2909 vituperan—
1205 2873 1211 2882 a

128 2931 202 2994 dum
225 2941 256 2996 et
277 2930 449 2999 dolendum
472 2953 603 3015 pronus,
626 2932 714 2995 nullo
739 2931 820 2999 duce
845 2944 899 2997 aut
917 2945 1119 3019 praeceptore

127 3065 200 3111 usus
229 3064 336 3107 secum
361 3044 534 3118 constituit,
562 3043 719 3107 contemti
741 3047 826 3109 omni
850 3044 1044 3109 decessorum
1069 3070 1115 3110 sa·
1172 3111 1174 3115 ,

126 3152 261 3237 pientii,
284 3153 438 3237 integram
458 3151 652 3234 disciplinam
672 3151 777 3219 denuo
794 3152 977 3220 instaurare.

171 3267 211 3330 Ut
237 3263 277 3331 de
299 3264 430 3329 civitatis
451 3263 671 3331 constitutione
689 3262 868 3341 dissereret,
887 3265 1005 3351 incepit
1025 3266 1116 3331 dubi-

125 3376 220 3445 tando
249 3377 289 3440 de
318 3375 451 3443 bominis
482 3375 611 3450 naurs,
641 3396 720 3439 num
747 3373 782 3441 eu
810 3377 915 3443 reveri
942 3402 961 3443 a
985 3380 1118 3466 reliquis

160 3631 199 3698 (1)
216 3629 375 3693 tt'irrnm,
393 3617 485 3695 moys,
503 3644 556 3694 pag.
571 3631 660 3698 aeaem'jt
689 3633 740 3680 »On
757 3614 828 3681 traiti
850 3624 995 3697 legeroment
1015 3631 1068 3680 ὶἝ.
1089 3635 1114 3680 ἀι

126 3726 203 3782 Lois5
222 3722 245 3770 lc
263 3723 317 3770 titre
334 3723 408 3770 meme
427 3722 466 3770 lut
478 3739 511 3770 un
527 3723 590 3785 sujet
605 3721 633 3770 de
654 3722 824 3786 plaisanterie3
843 3722 922 3783 enfin,
939 3722 991 3771 l’un
1009 3722 1048 3771 des
1059 3722 1114 3787 plus

80 3796 82 3799 i
126 3814 203 3864 beaux
219 3830 358 3862 monument
381 3813 510 3874 listraircs,
529 3815 572 3876 qni
592 3814 669 3859 soient
684 3814 754 3859 sortis
771 3811 800 3859 de
815 3821 883 3859 notre
902 3814 999 3875 nabun,
1021 3813 1060 3860 fut
1073 3830 1112 3860 re·

125 3908 196 3971 garde
218 3905 318 3955 d’abord·
331 3921 372 3969 par
387 3887 433 3951 elle
448 3917 505 3951 avec
521 3918 583 3950 assez
600 3900 788 3951 d’indilfe'rencc.
812 3901 834 3950 ll
852 3896 945 3965 felicit,
965 3919 1012 3969 que
1026 3903 1060 3951 les
1074 3907 1113 3953 νέ-

124 3997 225 4047 ritables
241 3997 311 4061 juges
329 4004 424 4043 acuent
439 4011 468 4041 en
486 3992 510 4041 lc
527 4003 604 4057 temps
627 3991 658 4039 de
677 3992 740 4055 lire3
768 3990 864 4041 bientdt
878 3992 908 4040 ils
930 3999 1077 4045 ramentrent
1091 3994 1113 4045 lu

127 4087 271 4154 multitude,
290 4088 399 4150 toujours
418 4094 526 4150 prompte
543 4087 556 4131 ὰ
573 4083 673 4146 changer
686 4080 790 4144 d'aris,''
808 4092 855 4132 etc.

122 4200 125 4205 ·
163 4179 199 4246 (2)
217 4179 244 4228 n.
264 4193 287 4242 g.
301 4188 458 4241 cornuum,
479 4178 520 4224 Du
542 4175 691 4239 despotissnc
709 4176 832 4238 onomat,
851 4174 865 4240 p
883 4185 943 4223 extr.

867 4270 979 4345 ‚11³1
1044 4318 1046 4321 ,
