2892 5042
806 489 844 552 48

334 675 372 738 dc
398 697 429 736 rc
448 680 672 736 rtirrmnonrn
693 684 723 734 et
749 693 858 737 socru
881 672 977 734 effatis
999 670 1158 735 calculum
1185 667 1317 753 adjecis-

333 808 364 848 se
374 762 456 860 ,ubi
480 785 642 862 dixerunt,
661 785 817 848 civitatem
833 795 863 847 et
875 783 1043 867 imperium
1061 782 1175 869 pactis
1187 778 1318 868 niun).

333 897 414 962 Hinc
434 920 528 981 supra
550 908 719 960 memorata
743 897 796 960 illa
816 895 935 958 monita
954 895 993 959 de
1018 894 1129 979 populi
1148 893 1247 957 salute
1266 915 1318 955 su-

333 1010 440 1094 premi
462 1011 548 1095 lege;
583 1008 657 1072 hinc
680 1011 791 1084 etiam,
821 1008 905 1094 quod
935 1028 1110 1093 numquam
1134 1006 1321 1090 imperantis

332 1121 534 1186 commodum
554 1144 572 1185 a
591 1122 722 1185 civitatis
751 1120 915 1186 commodo
934 1130 1108 1205 separatum
1138 1141 1203 1182 esse
1225 1139 1321 1203 opor-

333 1250 398 1303 tere
416 1248 570 1315 censeret,
595 1240 641 1301 uti
663 1239 839 1323 complures
861 1239 924 1303 loci
943 1234 1075 1321 probare
1095 1235 1238 1299 videntur
1256 1231 1321 1323 (2)

332 1351 479 1433 Expresso
510 1360 615 1413 autem
647 1347 726 1411 nihil
754 1348 912 1412 invenitur
941 1347 980 1410 de
1008 1347 1139 1431 imperio
1165 1338 1322 1412 abstracte

333 1463 534 1527 considerato.

376 1577 472 1640 Porro
496 1576 535 1640 ad
553 1577 678 1662 imperii
695 1577 810 1644 formas
827 1597 1024 1662 progressus,
1048 1577 1083 1639 in
1109 1595 1246 1639 errorem
1262 1575 1322 1640 la·

331 1688 433 1763 bitur,
464 1710 560 1772 quem
592 1712 697 1753 omnes
719 1700 790 1753 ante
807 1711 957 1753 Kromon
978 1686 1024 1775 (3)
1060 1688 1181 1773 politici
1200 1686 1323 1771 experti

331 1809 420 1874 sunt,
444 1798 530 1884 quod
550 1821 664 1885 nempe
686 1799 954 1864 confunderentur
972 1803 1110 1887 imperii
1129 1810 1159 1863 et
1179 1801 1323 1886 regimi-

330 1914 385 1974 nis
390 1912 528 1999 formae
537 1933 549 1988 ,·
573 1923 604 1975 et
623 1912 784 1999 regiminis
804 1914 928 1977 tantdm
951 1923 1095 1997 respectu
1115 1935 1170 1976 sua
1199 1913 1320 1996 cuique

331 2025 448 2089 formae
470 2025 659 2089 tribueretur
681 2024 917 2089 administrandi
947 2024 1203 2112 gubernandiquc
1229 2024 1322 2089 ratio.
1409 2099 1413 2108 ι

332 2137 491 2213 Attamen,
515 2137 589 2198 licet
606 2136 747 2230 singulas
769 2160 819 2200 eas
843 2138 977 2201 rationes
997 2136 1217 2221 inseparabiles
1233 2136 1324 2220 judi·
1367 2110 1373 2124 ,

335 2256 420 2310 caret
437 2269 455 2309 n
472 2247 603 2331 singulis
620 2248 745 2324 formis,
767 2248 969 2333 aliquomodo
987 2260 1094 2316 tamen
1114 2250 1322 2333 praesensisse

286 2347 292 2358 ”
332 2357 468 2434 ridetur,
494 2379 558 2421 non
572 2380 697 2442 prorsus
720 2360 861 2442 ejusdem
880 2366 1004 2448 generis
1023 2385 1070 2427 res
1087 2385 1170 2439 esse,
1187 2385 1261 2440 nom
1276 2362 1319 2426 de

332 2475 461 2537 naturd
480 2471 652 2536 formarum
684 2472 835 2558 loquens,
849 2475 1039 2562 regiminis,
1074 2475 1112 2539 de
1129 2479 1321 2564 prinm'prb,

334 2583 458 2668 imperii
477 2587 583 2669 potius
603 2605 718 2672 gerrem
737 2587 895 2672 spectarit.
930 2588 1049 2655 Verum
1075 2589 1173 2671 ipsam
1193 2588 1323 2680 distinc-

335 2696 451 2762 tionem
470 2699 624 2785 ignoravit
641 2721 910 2778 uonrusoorvrus3
934 2699 1190 2786 investigandum
1208 2702 1320 2788 igitur,

334 2809 447 2894 quibus
467 2809 679 2894 antiquiorum
698 2808 847 2871 doctrinis
866 2812 969 2884 nixus,
991 2833 1061 2874 suas
1084 2815 1253 2877 sententias
1279 2813 1321 2878 de

335 2917 537 3002 regiminibus
558 2920 592 2981 in
624 2916 764 2986 medium
797 2917 963 2993 adtulerit,
992 2929 1022 2980 et
1052 2920 1130 3003 quid
1158 2927 1232 2987 novi
1256 2925 1322 2988 illis

334 3029 539 3092 contineatur,
681 3012 684 3016 i
934 3039 937 3044 '

377 3142 453 3224 Hoc.
464 3140 487 3203 si
509 3140 572 3219 fiat,
592 3140 722 3226 patebit,
737 3144 907 3208 Auctorem
919 3144 955 3208 N.
969 3143 1201 3229 antiquissimae
1219 3147 1322 3215 lerme

333 3253 505 3320 adhaesisse
528 3254 685 3334 divisioni,
710 3277 793 3342 quae
813 3256 898 3341 apud
920 3279 1116 3322 nnaonormr
1131 3254 1199 3341 jam
1229 3263 1321 3327 obvia

333 3379 389 3445 est,
413 3369 494 3433 inter
517 3370 685 3454 imperium
709 3370 818 3448 unius,
851 3372 1066 3455 optimatium,
1091 3372 1232 3439 omnium
1257 3374 1317 3463 (4).

521 3603 529 3616 δ

340 3691 343 3694 Δ
364 3714 401 3783 (l)
420 3716 577 3778 Purrrroorr,
596 3717 626 3765 de
642 3717 685 3784 off.
703 3720 728 3769 t.
749 3683 775 3767 it
790 3737 811 3769 c.
828 3721 855 3770 L.
874 3723 906 3769 ll.
925 3724 952 3772 C.
971 3725 1014 3774 vl.
1033 3725 1048 3790 ᾗ
1066 3727 1081 3774 7
1092 3742 1143 3793 sqq.
1169 3728 1263 3792 Locro,
1282 3729 1317 3776 do

329 3817 520 3875 poovsmement
536 3810 609 3873 civit,
630 3809 667 3858 ch.
686 3806 716 3859 Xe
736 3809 750 3877 ᾗ
768 3811 792 3858 o.

365 3900 405 3971 (ε)
421 3903 459 3951 cr.
477 3905 512 3952 Ε.
532 3903 557 3953 a.
575 3905 602 3952 r.
621 3883 662 3952 vrj
680 3905 711 3969 ιη
728 3904 777 3980 xri.
799 3907 847 3970 ¹⁰3
865 3906 947 3956 xxvr.
964 3909 1007 3955 ea.

365 3993 402 4059 (3)
419 3996 467 4042 lloc
484 3994 609 4045 discrimen
627 3997 738 4072 exposuit
753 4010 868 4064 urruns,
897 4001 979 4049 Elem.
998 4001 1103 4064 metaph.
1125 4002 1217 4066 juris..
1234 3995 1262 4048 Ρ.
1281 4001 1317 4049 11.

329 4084 354 4131 s.
373 4085 423 4149 oq
443 4088 486 4136 sa.
582 4132 585 4139 .

347 4173 399 4238 Ι(4)
418 4174 567 4237 ursonem,
585 4179 646 4227 hist.
666 4180 692 4227 l..
712 4181 758 4227 ΙΙΙ.
777 4197 799 4229 e.
818 4184 852 4231 8⁰
870 4198 924 4247 sqq.
