2892 5042
575 476 636 539 105

106 674 179 718 ‘nus
191 674 461 731 uonrrspurvrus,
484 655 551 732 ubi,
570 655 656 719 hisce
671 657 830 739 expositis,
847 657 887 722 ad
906 657 999 725 feuda
1020 670 1104 725 tran·

121 766 174 842 sit,
188 765 441 852 ‘eidem'semper
455 765 620 832 inhaerens
639 768 754 832 rationi
773 782 997 855 argumentum
1017 783 1104 838 trac·
1193 818 1197 825 ‚
1232 786 1237 795 '

119 878 215 948 tandi.
238 881 320 944 Loco
339 901 454 964 nempe
470 902 581 946 racrrr
596 883 692 946 citato
706 880 746 969 (c.
763 886 804 947 13
817 884 902 968 quod
925 894 970 947 est
988 884 1029 949 de
1046 906 1103 950 oo·

118 991 246 1054 mitibus
264 990 631 1081 principum)‘tanquam
653 1016 725 1058 saro
741 997 886 1082 angulari
905 1000 1102 1081 superstruit,

118 1121 197 1187 quae
216 1101 257 1167 de
272 1105 396 1189 origine
420 1104 588 1168 feudorum
607 1105 749 1170 dicturus
767 1119 849 1183 erat,
873 1110 996 1193 saepius
1017 1108 1103 1174 hune
1184 1144 1191 1151 ·

116 1213 221 1278 locum
247 1215 560 1299 interpretationibus
592 1217 752 1282 illustrans
784 1240 804 1282 e
837 1240 999 1285 huncum
1023 1221 1105 1304 juris

63 1316 67 1323 ’
115 1319 268 1392 formulis.
302 1330 346 1390 Ex
366 1326 520 1393 historicis
539 1340 571 1393 et
589 1312 683 1409 ictis,
699 1342 855 1416 quantum
867 1334 959 1410 novi,
983 1334 1104 1418 primus

14 1442 16 1451 “
116 1438 179 1500 tuit
200 1437 254 1500 bic
276 1440 403 1515 Noster,
432 1442 489 1524 qui
512 1440 644 1503 feudalis
662 1443 833 1526 systematis
860 1445 979 1506 natales
1002 1446 1105 1508 itaer

117 1548 277 1612 invasione
306 1551 481 1633 repetierit3
516 1551 585 1614 aliis
616 1551 699 1635 apud
727 1552 900 1631 Romanos,
931 1552 1002 1616 aliis
1020 1555 1104 1637 apud

115 1659 340 1745 Langobardos
361 1661 519 1724 cunabula
540 1662 608 1745 ejus
630 1663 861 1747 quaerentibus.
895 1661 966 1728 Jam
980 1676 1105 1730 constat

117 1774 257 1860 quidem,
273 1775 327 1858 jus
348 1775 489 1853 feudale‚
513 1778 562 1840 uti
586 1777 667 1840 ittud
689 1778 723 1839 in
752 1777 841 1841 libris
863 1779 1040 1843 Feudorum
1065 1780 1106 1844 ad
1164 1846 1167 1851 ⁴

117 1910 173 1952 nos
199 1889 358 1977 pervenit,
394 1898 497 1951 totum
523 1890 589 1952 fere
609 1888 820 1974 Longobardis
845 1890 969 1970 deberi;
994 1902 1026 1954 at
1045 1890 1106 1955 hoc

117 2000 336 2087 accipiendum
357 2002 482 2064 tantum
504 2012 551 2063 est
571 2001 610 2063 de
634 2000 739 2078 modo,
765 2022 830 2086 quo
852 2004 955 2085 praxis
974 2003 1107 2067 sorensis

116 2113 157 2176 ad
170 2114 314 2176 instituta
332 2110 468 2177 feudalia
479 2113 670 2177 conformata
680 2113 786 2190 suerit,
809 2116 997 2201 neutiquam
1016 2114 1057 2180 de
1073 2138 1107 2181 re

116 2225 194 2309 ipsi.
232 2219 314 2292 Tum
335 2228 462 2311 quoque
483 2225 572 2290 laudi
596 2227 663 2289 fore
684 2227 826 2290 existimo
849 2248 1105 2306 uonrusputrto,

117 2337 204 2422 quod
230 2336 360 2400 senserit
385 2335 654 2422 jurisprudentiae
684 2337 804 2402 feudati
834 2337 941 2402 deesse
962 2332 1106 2424 gravississ

117 2468 204 2512 mam
233 2459 366 2532 partem.
413 2449 540 2532 Quippe
565 2470 641 2533 opus
661 2448 744 2512 illud
766 2470 881 2514 oenum
902 2471 944 2513 nn
962 2469 1049 2514 onro
1076 2461 1107 2515 et

115 2566 263 2622 emtum
284 2578 453 2621 cernerem
476 2558 581 2621 statim
601 2558 713 2640 incipit
737 2580 756 2621 a
776 2558 877 2622 feudis
898 2556 1107 2635 hereditariis,

116 2668 222 2733 trihilo
249 2669 315 2732 fere
341 2667 512 2752 praemisso
538 2668 578 2731 de
603 2689 711 2731 eorum
740 2670 881 2755 origine,
914 2689 1018 2754 neque
1040 2670 1109 2753 ejus

117 2784 305 2868 interpretes
331 2781 428 2871 (inter
460 2802 538 2868 quos
563 2803 701 2869 maguus
731 2781 799 2867 ipse
827 2785 993 2868 costerus)
1022 2782 1108 2848 lacu-

116 2917 180 2961 nae
202 2894 394 2980 supplevere
432 2894 508 2959 Ideo
539 2894 643 2980 lepide
663 2894 933 2982 disquisitionibus
952 2896 1016 2973 suis
1034 2895 1108 2960 sub

116 3008 225 3094 jungit
242 3004 366 3072 Noster:
400 3007 542 3071 »Finem‘
557 3009 696 3092 impono
709 3007 915 3092 disputationi
930 3007 975 3071 de
995 3008 1106 3085 feudis,

119 3121 208 3184 unde
230 3120 325 3184 ceteri
346 3119 474 3183 initium
489 3119 629 3182 dustre’
651 3118 710 3208 (l).
744 3121 805 3183 Per
823 3120 978 3204 reliquam
1001 3131 1108 3184 autem

118 3244 346 3252 —..-·-—-—

157 3298 249 3364 (1)E.
267 3296 292 3345 d.
311 3298 341 3344 L.
359 3296 441 3343 XXXI.
459 3297 495 3342 at
511 3304 572 3343 extr.
597 3295 633 3344 V,
647 3298 687 3344 tit.
707 3296 739 3344 F.
757 3296 786 3344 da
803 3296 908 3358 hirqui
924 3291 1031 3358 feudum
1048 3294 1109 3344 dore

118 3396 239 3458 parserat.
267 3389 355 3436 Unicus
373 3398 397 3436 et
411 3388 512 3453 jejunus
527 3405 581 3437 sane
598 3388 665 3437 locut
678 3388 707 3437 de
725 3386 804 3437 feudis
820 3396 876 3436 ante
892 3403 951 3436 saec.
964 3387 997 3437 XI
1009 3397 1044 3437 est
1059 3388 1110 3438 ibi-

25 3476 29 3485 ’
122 3483 177 3532 dem
192 3481 249 3548 §2r
268 3482 453 3549 »Antiquissima
471 3493 575 3548 tempore
592 3484 626 3531 sie
644 3492 695 3531 erat
711 3483 737 3530 in
755 3479 902 3530 dominorum
918 3491 1035 3547 potestate
1050 3499 1108 3533 eon·

122 3594 221 3640 nexum,
237 3585 276 3638 ut,
293 3575 388 3642 qnando
405 3574 506 3639 vellent,
524 3585 620 3641 possent
637 3577 732 3625 auferre
749 3591 798 3624 rem
815 3573 957 3647 intendem
972 3575 1106 3626 alienatam.

121 3667 209 3717 Postea
226 3666 281 3715 verb
298 3665 326 3714 ed
343 3676 438 3715 rentum
456 3677 508 3728 est,
530 3677 559 3715 ut
582 3683 626 3731 per
648 3683 735 3715 annum
761 3668 854 3715 tantbm
872 3667 1010 3714 firmitatem
1032 3665 1107 3714 habes·

123 3772 193 3826 rent;
212 3759 296 3810 deinde
314 3770 427 3810 statutum
448 3770 482 3808 est
499 3770 527 3810 ut
544 3777 617 3826 nsque
635 3760 754 3809 advitam
771 3758 849 3807 fidelis
865 3757 1049 3822 produceretur,
1066 3756 1108 3805 sed

77 3877 81 3881 ²
125 3870 179 3902 cum
195 3852 240 3901 hoe
252 3853 309 3917 jure
326 3852 475 3900 successionis
491 3850 522 3899 ed
538 3850 601 3898 filios
618 3867 665 3898 non
682 3850 828 3914 pertineret,
846 3848 880 3894 sic
895 3861 1041 3910 progressum
1058 3856 1107 3911 est,

125 3954 154 3994 ut
171 3944 201 3993 ed
217 3944 280 3993 filios
295 3943 434 4007 deveniret,
452 3943 478 3990 in
494 3958 564 4008 quern
581 3940 674 3990 seilicet
691 3939 800 3987 dominus
816 3936 862 3986 hoc
878 3936 952 3989 vellet
967 3935 1107 3988 beneficium

124 4037 277 4100 confirmare,
296 4032 359 4099 qnod
376 4032 446 4081 hodie
464 4034 499 4080 ita
513 4029 650 4079 stabilitum
664 4038 715 4094 est,
734 4037 763 4076 ut
779 4026 807 4076 td
829 4044 909 4077 omues
921 4027 1052 4095 aequaliter
1064 4047 1108 4080 re·

126 4125 206 4176 niat.’-’
221 4127 295 4190 Loca,
311 4135 430 4189 tempora,
448 4137 527 4173 censae
538 4121 577 4171 hte
585 4121 673 4170 frustra
691 4134 797 4186 quaeras.
811 4119 851 4169 Gi.
860 4122 962 4173 EM.
972 4122 1106 4173 mimo.
