2892 5042
566 549 609 633 st

101 727 203 790 toriae
222 724 385 799 studiosus,
413 725 479 805 ejus
501 725 677 808 perieulum
699 725 773 788 fecit
792 723 1022 808 percurrendis,
1058 731 1089 784 ct
1111 806 1116 811 ,

102 857 161 897 suo
185 833 397 919 philosophico
426 857 513 898 more
542 834 731 899 illustrandis
760 836 851 920 gestis
876 834 984 920 populi
1008 835 1089 896 inter

93 956 210 1008 *omnes
236 946 449 1022 celeberrimi,
478 946 516 1009 de
540 967 603 1031 quo
624 948 667 1011 ita
689 947 728 1010 ad
747 926 930 1011 familiarem
955 944 1090 1029 scripsit:

103 1057 223 1119 »Rome
244 1061 358 1121 antica
378 1080 395 1120 e
419 1057 576 1121 moderna
595 1064 658 1122 m'a
675 1058 815 1141 toujours
835 1055 1008 1122 enchante''
1033 1055 1091 1142 (1).

146 1167 216 1231 Jam
242 1189 342 1251 quum
370 1170 522 1252 praeclari
550 1148 598 1231 illi
627 1169 691 1233 duo
716 1170 880 1253 scriptores
900 1168 989 1231 variis
1014 1166 1091 1231 adeo

102 1277 236 1340 consiliis
254 1278 459 1356 ducerentur,
483 1291 577 1366 negat
597 1291 699 1345 tamen
726 1279 871 1355 Criticus,
895 1298 1091 1352 nonrusour-

101 1409 187 1452 cluss
209 1389 380 1472 quicquam
401 1393 583 1465 confecisse,
615 1393 674 1479 nisi
699 1391 898 1472 paraphrasin
924 1389 1091 1474 fragmenti

108 1498 194 1560 illius
217 1499 430 1562 Bossuetam'.
779 1492 782 1501 ’

150 1609 263 1690 Incipit
281 1608 447 1673 adferendo
471 1609 635 1692 utriusque
650 1611 733 1673 locos
754 1610 793 1672 de
816 1610 967 1674 crescenti
984 1619 1111 1700 poten-,7
1185 1612 1189 1625 “

104 1718 148 1781 tia
180 1728 210 1781 et
230 1719 331 1805 glorid
349 1724 573 1787 Romanorum.
609 1722 692 1786 Haec
719 1733 825 1786 autem
848 1733 937 1798 sunt,
962 1721 1096 1805 quaein

81 1902 85 1907 A
105 1830 258 1894 ambobus
287 1818 444 1916 operibus
459 1833 593 1897 invenit:
620 1837 663 1898 1⁰.
687 1836 843 1897 Romanos
865 1835 958 1896 fortes
981 1833 1098 1907 fuisse,
1124 1862 1126 1867 ⁴

105 1953 299 2018 constantes,
323 1913 474 2026 patientes
502 1944 645 2006 laborum
663 1941 730 2029 (2);
765 1949 810 2005 2⁰.
833 1940 980 2024 patriam,
1004 1963 1098 2024 prac-

103 2053 210 2113 sertim
231 2053 341 2116 urbem
364 2055 516 2130 Romam,
536 2075 628 2136 supra
654 2054 757 2117 omnia
775 2074 891 2117 amasse
915 2048 973 2139 (3).
1010 2052 1098 2116 Certe

91 2182 171 2222 non
192 2162 294 2224 multo
313 2164 458 2225 acumine
481 2163 599 2249 ingenii
620 2185 697 2247 opus
715 2175 780 2239 est,
803 2174 839 2226 ut
859 2164 930 2248 quis
947 2163 1022 2251 talia
1042 2184 1097 2224 ex-

105 2270 236 2355 cogitet,
263 2294 366 2357 neque
381 2274 479 2359 plagii
502 2275 630 2337 literarii
653 2275 789 2357 speciem
808 2274 956 2336 referunt.

102 2414 106 2419 ¹
148 2385 268 2449 Verum
283 2385 507 2449 animadvertet
525 2387 746 2470 unusquisque
766 2387 874 2460 lector,
894 2384 1098 2447 dumsolem-

106 2515 180 2557 nem
192 2494 330 2579 episcopi
353 2495 561 2560 elocutionem
582 2497 729 2572 miratur,
746 2496 1007 2559 Jurisconsultum
1028 2515 1119 2571 nos-⁴
1163 2498 1166 2503 '

67 2684 70 2692 ι
103 2617 191 2667 trum
219 2604 305 2667 facili
334 2616 364 2668 ct
389 2608 544 2696 concinno
572 2608 650 2691 stylo
682 2608 775 2671 etiam
808 2607 975 2674 notissimis
1005 2604 1097 2667 rebus

107 2715 227 2792 rividos
252 2706 412 2799 novosque
438 2716 555 2780 colores
577 2716 698 2781 addere.
735 2719 786 2782 Sic
809 2717 951 2806 opusculi
977 2716 1050 2799 Cap.
1064 2721 1096 2779 ¹3

108 2836 140 2887 et
163 2825 377 2909 compluribus
399 2828 474 2891 locis
492 2827 616 2910 majoris
636 2830 752 2912 operis,
767 2830 811 2893 ita
837 2827 984 2893 describit
1002 2829 1097 2891 vitam
1148 2880 1150 2885 ,

106 2936 310 3022 antiquorum
331 2939 506 3023 publicam,
525 2940 662 3023 puhlicis
679 2941 811 3026 negotiis
827 2943 921 3004 unice
933 2940 1031 3003 ferme
1041 2954 1097 3004 o‘c-

110 3060 275 3131 cupatam,
289 3051 365 3134 quia
382 3051 487 3114 rereral
504 3051 587 3133 apud
603 3073 653 3114 eos
666 3053 833 3134 publicum
853 3053 981 3115 lucrum
997 3053 1098 3113 omni-

105 3156 166 3219 bus
180 3171 214 3222 et
228 3161 359 3245 singulis
373 3162 585 3224 emolumento
600 3159 733 3236 eederet,
752 3172 787 3223 nt
798 3161 952 3223 lectorum
969 3170 1097 3241 captum

106 3287 171 3329 non
190 3271 326 3352 amplius
340 3270 490 3333 excedant
506 3270 587 3336 faeta
605 3268 749 3342 heroica,
770 3289 852 3352 quae
870 3270 988 3349 patriae
1007 3287 1097 3328 amo-

106 3398 174 3440 rem
191 3377 376 3465 flagrantem
392 3382 427 3442 in
438 3380 575 3464 antiquis
587 3378 763 3442 civitatibus
775 3387 941 3456 testantur3
955 3379 1031 3440 item
1047 3398 1097 3440 ex-

105 3489 214 3572 plicat,
226 3514 283 3555 cur
292 3491 370 3556 haec
380 3484 555 3569 κατ’ἔξοχὴν
563 3495 670 3555 matus
678 3490 761 3574 apud
771 3493 900 3557 Veteres
910 3490 1030 3553 dicatur
1038 3485 1095 3574 (4)

104 3644 311 3655 ---.-..-

145 3732 184 3802 (1)
202 3737 238 3784 lta
256 3738 352 3802 scripsit
369 3738 446 3785 Priori
471 3736 589 3786 llelitensi
605 3752 635 3786 ur
653 3752 734 3802 sotir,
754 3741 783 3787 L.
804 3741 834 3788 F.
851 3739 893 3785 28.

54 3836 60 3848 ’
140 3825 179 3893 (2)
196 3828 308 3891 Bassum,
335 3845 374 3893 op.
393 3829 486 3877 otor.
502 3829 536 3877 ll.
563 3829 619 3891 Gap.
633 3830 664 3890 a,
681 3846 719 3892 pr.
739 3838 911 3889 sormones,
932 3824 974 3871 Gr.
994 3833 1019 3871 ct
1035 3824 1095 3871 Dte.

109 3919 204 3984 passim.

141 4009 181 4075 (3)
197 4011 296 4058 Bessum
314 4011 345 4059 lc.
366 4013 410 4060 cr.
431 4018 456 4058 et
471 4008 535 4058 Dte.
552 4010 589 4056 ch.
608 4011 633 4056 3.

142 4100 183 4167 (4)
202 4104 235 4150 Ea
253 4111 289 4150 est
305 4103 382 4149 virtus
398 4100 514 4173 politica,
532 4099 561 4146 de
579 4100 626 4163 qual
643 4100 692 4160 agit
711 4101 744 4149 Ε.
762 4100 785 4146 d.
805 4099 832 4149 L.
852 4101 895 4148 lll.
914 4103 939 4149 3.
968 4099 1006 4149 Cf.
1018 4102 1059 4149 tv.
1078 4100 1095 4147 δ

107 4203 132 4240 et
150 4194 182 4256 03
200 4192 242 4241 xl.
263 4191 411 4257 17;·xxvtr
428 4191 554 4255 principio.

107 4442 115 4469 l
