2892 5042
599 526 641 586 33

170 710 268 772 Paulo
289 706 386 771 fusius
410 705 449 769 de
471 703 521 768 his.
541 700 765 767 mutationibus
783 701 865 777 dixi,
894 711 929 763 ut
952 703 988 763 eo
1014 676 1112 785 tnagis

125 819 273 903 liqueret,
305 810 569 903 quemadmodum
598 837 670 909 suae
701 813 859 900 dignitatis
883 809 1056 884 reverentia
1081 821 1112 875 et
1172 842 1174 849 ·

110 918 215 995 ¹elatio
236 929 436 995 cordi-luerit
455 928 491 992 iis
511 927 757 1014 magistratibus;
782 926 899 1011 quippe
920 924 991 1009 qui,
1013 924 1113 987 simu-

123 1044 273 1107 leonata
297 1041 507 1126 obportunitas
537 1062 593 1124 per
621 1022 1036 1114 consummarem,
1060 1058 1113 1100 ro-

125 1155 295 1239 ouperandi
325 1155 454 1241 antiqua
479 1156 569 1238 jura,
600 1153 709 1217 eodem
741 1174 848 1216 omnes
879 1152 984 1223 animo
1013 1152 1111 1228 moti,

122 1260 289 1330 arbitraiiis
315 1267 477 1353 quibusvis
498 1267 623 1331 ausibus
645 1266 749 1329 denuo
770 1286 834 1328 sese
855 1286 1012 1349 opponere
1035 1287 1113 1329 coe·

122 1381 235 1462 posint.
280 1379 429 1446 Adfectus
449 1379 605 1462 majorum
623 1381 666 1443 ita
687 1380 720 1441 in
744 1375 927 1462 progeniem
942 1376 1112 1441 transmissi

39 1548 44 1553 .
122 1489 155 1553 id
177 1489 323 1566 silcestre,
344 1501 396 1563 ut,
411 1490 485 1551 licet
500 1501 564 1551 tota
577 1490 687 1573 populi
706 1488 847 1551 Francici
858 1487 977 1550 indoles
994 1498 1114 1551 mutata

123 1613 201 1666 esset
215 1624 273 1686 per
287 1602 417 1686 longum
426 1599 707 1683 illutldespoticum
718 1619 868 1685 regnum,
883 1597 991 1662 eadem
1007 1610 1111 1664 umen

121 1712 421 1779 uocul018⁰ratio
450 1710 564 1797 agendi
590 1711 684 1773 fuerit
704 1710 986 1793 pulmentorum,
1015 1732 1112 1796 quam

120 1838 227 1905 scema
244 1826 367 1915 fuerant
388 1823 446 1887 sub
466 1843 628 1888 nunovroo
641 1822 727 1886 XIII.
773 1822 933 1905 Ejusmodi
949 1825 1111 1889 conatibus

117 1921 226 2004 locum
244 1937 328 2001 (ledit
344 1937 411 2020 jam
432 1935 483 1999 elie
504 1939 545 1999 15
562 1936 650 2017 'Sept
671 1937 756 1997 1715
777 1956 938 1997 rnrnnnos
959 1958 1112 2001 aunam·

8 2114 14 2127 x
120 2072 244 2127 sensis,
275 2070 375 2134 qurum
398 2048 592 2131 parlamento
621 2044 785 2110 Parisiensi
803 2046 959 2129 judicium
978 2046 1113 2112 deferret

120 2161 242 2226 dorato
262 2159 407 2224 habendo
425 2159 506 2245 regis
526 2157 685 2223 demortui·
698 2168 891 2225 testamento.
916 2160 1009 2240 Quod
1024 2172 1112 2245 post-

122 2295 220 2360 quam
237 2271 419 2336 infirmasset
439 2271 685 2356 parlamentum,
707 2271 834 2357 stipsi,
855 2272 985 2337 exclusis
1007 2272 1111 2338 liberis
1137 2344 1140 2351 ,

121 2406 274 2451 nunovror
295 2382 368 2451 XIV
387 2382 580 2469 legitimans,
603 2384 744 2470 regimen
762 2383 910 2462 dedisset,
931 2386 1035 2451 statim
1053 2400 1113 2470 pro>

120 2497 269 2584 abrogato
287 2496 428 2560 habitum
449 2496 531 2561 istnil
552 2496 627 2561 anni
651 2499 738 2562 1673
760 2495 898 2560 edictum
919 2508 950 2561 et
969 2497 1110 2574 invalarit,

8 2650 12 2656 ·
120 2620 157 2672 ut
178 2610 282 2672 denuo
303 2610 337 2670 iu
364 2608 509 2692 suffragia
527 2608 625 2670 iretur
645 2608 685 2670 de
706 2610 799 2693 regiis
820 2609 1073 2705 ordinatioribus.

164 2721 279 2785 Abesse
309 2740 372 2782 non
400 2729 534 2804 poterat,
560 2711 638 2804 quin
665 2710 816 2783 mutabile
835 2730 882 2783 ‚et
913 2720 1110 2797 arbitrarium

120 2855 256 2927 nnrsrrrr
288 2831 428 2917 regimen
460 2830 589 2918 integris
618 2831 829 2917 propositique
859 2832 1019 2925 tenacibus
1039 2855 1111 2899 ma-

100 2940 297 3034 'gistrutibus
320 2943 518 3008 vehementer
538 2944 722 3028 displiceret.
783 2945 893 3025 Quosti
919 2945 1110 3030 jampridem

120 3068 191 3122 sunt
220 3057 260 3122 tle
281 3060 425 3120 cameris
445 3056 639 3120 ardentibus
660 3057 700 3121 ab
721 3078 759 3120 eo
779 3056 925 3141 institutis
944 3058 1107 3142 peculatus

118 3169 270 3255 puniendi
288 3168 393 3247 caus&
417 3171 525 3231 verum
545 3190 628 3231 anno
646 3168 774 3231 demum
789 3172 874 3234 1718
895 3181 1001 3252 aperta
1019 3192 1106 3233 exar-

119 3283 158 3345 sit
176 3280 337 3345 discordia.
381 3280 582 3343 Parlamentis
604 3289 680 3342 tunc
703 3280 842 3342 oblatum
866 3280 1019 3356 edietum,
1042 3303 1106 3366 quo

117 3394 215 3458 valor
242 3392 418 3456 norninalis
447 3412 648 3455 nummorum
679 3390 906 3476 duplicaretur,
935 3398 970 3456 ut
992 3393 1106 3459 subve-

117 3506 179 3571 niri
202 3515 303 3591 posset
316 3503 383 3569 fisci
402 3505 532 3589 inopiae.
579 3504 692 3570 Omnia
714 3504 1104 3596 homologationemnegi-

447 3648 449 3653 ,
494 3620 509 3653 δ

117 3719 203 3766 timens
220 3728 248 3767 ut
265 3717 341 3767 soleto
359 3718 469 3780 cuidam,
496 3736 545 3786 quo
561 3720 685 3770 lothariae
703 3723 822 3787 principes
837 3721 865 3770 ad
884 3704 995 3771 Franciae
1013 3738 1105 3770 succes·

114 3812 205 3859 sicum
229 3809 310 3859 idonei
334 3812 548 3875 pronunciarentur
576 3812 703 3880 (siquando
728 3814 839 3864 deficeret
862 3816 933 3879 stirps
949 3811 1103 3877 tectonica),
1212 3810 1219 3821 '

116 3900 290 3968 obtemperent
316 3902 487 3967 parlamentum
510 3905 657 3967 Parisiense,
681 3924 724 3955 rex
748 3908 837 3955 curiam
855 3906 918 3969 cingi
935 3905 1027 3953 curarit
1043 3920 1105 3971 qna-

107 3990 172 4042 *tnor
188 4005 329 4044 armatorum
346 3994 470 4061 millibus,
490 3995 553 4061 qnod
570 3996 700 4046 remedium
718 3997 805 4048 effectu
821 4013 869 4046 non
880 3997 964 4045 sunit.
983 3997 1021 4046 Cf.
1033 4013 1103 4063 porro

116 4085 262 4147 Maximae,
280 4088 312 4136 11.
330 4103 353 4153 p.
371 4089 418 4137 111.
436 4103 489 4152 pag.
507 4090 524 4134 ²
542 4103 596 4153 sqq.
612 4089 749 4157 usuram,
766 4091 853 4157 spuit.
864 4091 989 4156 pagott.
1006 4091 1102 4153 Herna,

115 4181 178 4251 (nat.
192 4177 251 4244 joed.
270 4176 344 4227 t.1v‚
364 4178 402 4227 ch.
422 4180 453 4227 ta
472 4179 529 4247 (Ill.
545 4195 602 4246 pag.
621 4182 672 4232 226
690 4181 747 4247 sap).
766 4228 768 4233 .

906 4261 909 4268 '
950 4280 969 4337 s
