2892 5042
794 509 857 570 180

341 692 427 765 terit,
463 708 564 774 quum
599 690 691 751 etiam
719 707 755 750 ex
779 686 932 750 industrii
955 682 1013 746 bic
1044 683 1084 746 de
1113 704 1150 746 re
1171 683 1331 765 disputare

344 803 440 865 nollet
461 799 474 888 (
496 801 517 883 ).

388 916 553 998 Postquam
573 914 645 975 vero
666 932 744 993 opus
762 912 804 974 de
821 909 899 998 Ing.
912 910 1037 997 Legum
1057 910 1234 992 Europeam
1253 926 1328 971 con-

344 1035 486 1087 secutum
507 1032 585 1086 esset
611 1021 743 1097 famam,
766 1041 947 1085 neccarum
965 1029 1132 1084 sectatores
1147 1019 1181 1082 in
1200 1019 1329 1082 Francia

342 1145 371 1196 et
397 1134 487 1197 ltalia
512 1134 601 1198 avide
625 1130 787 1218 arripuere
808 1131 960 1216 ejusmodi
977 1132 1077 1208 locos,
1096 1132 1152 1195 ubi
1165 1131 1330 1216 Scripton's

344 1246 435 1311 effata
466 1246 505 1309 de
538 1246 660 1332 tegibus
689 1245 777 1311 erim.
816 1245 1000 1329 adparerent
1027 1242 1262 1308 accommodata
1290 1242 1329 1304 ad

343 1379 412 1421 snas
433 1358 618 1433 sententiae
643 1368 674 1420 et
692 1355 767 1421 hino
792 1356 913 1432 evenit,
938 1366 974 1418 ut
994 1374 1143 1439 magnam
1162 1354 1229 1436 ojus
1250 1375 1329 1416 aue·

345 1470 501 1533 toritatem
521 1479 727 1553 agnoscerent
743 1466 944 1532 humanitatis
958 1463 1092 1550 patroni,
1107 1486 1135 1530 e.
1151 1487 1182 1549 g.
1202 1485 1330 1528 missor

344 1603 382 1643 oe
403 1601 596 1655 warenne,
619 1579 835 1644 adversarium
854 1598 928 1640 eum
947 1574 1098 1640 haberent
1117 1576 1264 1660 antiquae
1275 1576 1344 1658 ju·'

343 1690 566 1773 risprudentiao
576 1689 721 1764 vindices,
735 1689 877 1772 inprimis
891 1708 1000 1753 saevus
1018 1686 1073 1749 ille
1087 1686 1179 1749 JCtus
1193 1708 1328 1750 norm

343 1824 381 1864 os
404 1823 571 1867 roucssns
590 1798 648 1889 (2).

386 1913 516 1979 Laudari
541 1914 635 1977 etiam
656 1914 765 1977 solitus
791 1925 836 1976 est
858 1932 1110 1987 norrssourvrns
1131 1912 1171 1974 ab
1196 1911 1249 1989 iis,
1271 1910 1325 1995 qui

342 2029 374 2090 in
404 2026 617 2109 compluribus
647 2027 789 2110 Europae
820 2024 999 2111 regionibus
1028 2044 1157 2109 operam
1175 2022 1327 2086 nardrunt

340 2136 542 2201 emendandis
573 2137 696 2224 legibus
728 2137 865 2221 positivis
889 2138 988 2213 crim.;
1012 2135 1200 2219 plerquue
1224 2146 1326 2198 tamen

340 2251 526 2333 postpositus
537 2248 597 2311 fuir
609 2269 797 2322 promens,
810 2268 847 2309 ex
867 2248 957 2329 cujus
968 2245 1119 2329 opusculo
1133 2246 1326 2330 potissimum

340 2342 482 2424 normam
500 2359 561 2422 sibi
574 2359 734 2444 petebant.
767 2358 804 2423 ld
821 2360 957 2424 maxime
974 2358 1101 2422 obvium
1116 2370 1161 2422 est
1183 2360 1219 2421 in
1239 2378 1325 2421 man·

338 2472 411 2535 dato
429 2492 636 2535 mensurare
654 2471 686 2533 11
708 2472 839 2535 rad-novi
857 2469 926 2535 cod.
950 2472 1039 2534 erim.
1059 2470 1183 2534 Russici
1203 2471 1324 2534 confec·

232 2579 235 2582 ’
339 2594 437 2659 tores,
462 2604 522 2647 nec
543 2603 605 2646 non
623 2583 656 2646 in
673 2584 803 2669 egregio
824 2582 996 2666 specimine
1009 2580 1125 2667 (1790)
1145 2582 1232 2666 quod
1251 2583 1324 2647 Coe·

342 2694 390 2756 tui
406 2694 606 2757 constituenti
620 2693 771 2757 Francieo
788 2693 929 2756 oblatum
949 2703 1011 2769 est,
1034 2704 1066 2755 et
1082 2692 1323 2757 deliberationi-

339 2804 398 2868 bus
418 2803 506 2866 doec
523 2803 648 2866 habitis.
672 2804 739 2867 Hae
757 2802 987 2885 opportunitate
998 2805 1075 2865 item
1095 2826 1323 2882 nonarsourvn

339 2913 522 2991 auctoritate
539 2911 721 2973 nitebantur
737 2910 901 2992 populares
921 2921 1071 2986 oratores,
1093 2923 1129 2974 ut
1144 2934 1323 2995 processum

338 3044 394 3111 per
414 3025 571 3109 juratores
590 3021 674 3108 apud
687 3022 804 3108 Anglos
825 3031 985 3105 receptum
1001 3024 1258 3093 commendarent
1267 3028 1322 3117 (3)

372 3250 409 3318 (1)
428 3252 593 3316 Quaecumque
610 3248 639 3297 de
657 3251 793 3316 quaestione
812 3248 923 3313 leguntur
941 3251 966 3298 E
970 3283 976 3297 .
989 3250 1014 3297 d.
1027 3250 1057 3296 L.
1072 3249 1167 3314 v1.17;
1185 3253 1319 3301 Troitddcs
1393 3226 1396 3231 i

339 3345 434 3404 delita,
459 3341 474 3407 §
493 3345 534 3403 12,
553 3352 578 3390 et
596 3341 672 3390 multd
689 3341 771 3407 plura,
786 3343 837 3407 jem
855 3343 963 3407 exposuit
980 3351 1068 3389 nostrae
1085 3353 1109 3391 n.
1125 3354 1258 3408 senextus,
1285 3346 1321 3392 Dc

288 3458 292 3465 ·
339 3434 468 3501 Pr‘J‘utcak
479 3434 667 3496 wedereprokeu
683 3450 717 3495 err⁸
735 3435 858 3499 demotigt
873 3432 1021 3499 (Rotterdem
1040 3433 1125 3497 1051).

372 3523 408 3585 (2)
424 3521 576 3568 notissimum
595 3512 636 3569 ‘est
657 3535 759 3570 carmon
783 3541 858 3590 opus:
886 3523 991 3573 mons
1012 3524 1056 3572 des
1078 3526 1127 3574 tois
1151 3527 1318 3585 reindutum

339 3615 417 3663 minus
437 3612 557 3674 cognitum
579 3622 697 3672 roraret,
717 3615 816 3662 mitit.
834 3614 985 3679 Refremtr'on
1010 3616 1055 3663 dea
1073 3619 1204 3680 priempere
1222 3634 1269 3666 eur
1285 3619 1319 3665 lsr

338 3708 388 3755 lois
404 3708 474 3754 crr'm.
493 3701 597 3767 saperda
617 3702 681 3751 dane
702 3705 727 3751 le
748 3705 812 3751 liora
836 3705 866 3752 ds
885 3703 941 3754 ΙἝ.
964 3708 989 3754 d.
1015 3707 1045 3754 L.
1073 3706 1149 3772 (Paris
1166 3708 1256 3772 178³),
1280 3707 1318 3756 abi

336 3809 470 3845 recessu!
485 3813 581 3862 quoque
599 3793 745 3859 adgreditur.
772 3795 808 3843 ct.
828 3793 943 3861 cumino,
962 3799 1000 3846 La
1019 3798 1115 3845 Franco
1132 3783 1258 3861 utdroira,
1275 3800 1321 3858 vt,

236 3952 239 3958 Ι
336 3904 391 3953 pag.¹
409 3891 441 3937 51
460 3889 503 3952 (a).
529 3889 669 3950 Gonnum,
687 3885 755 3949 diss,
771 3902 826 3952 pag.
846 3889 889 3937 71.

372 3979 408 4043 (3)
424 3980 453 4027 V.
473 3980 552 4028 Instr.
563 3979 678 4027 odressde
694 3995 744 4044 por
761 3976 953 4045 t'Impdratrs‘ee,
974 3988 1031 4043 etc,
1047 3979 1062 4045 d
1081 3981 1114 4028 33
1132 3980 1187 4029 eoll.
1206 3984 1237 4033 E.
1252 3984 1276 4032 d.
1289 3982 1317 4033 [ι.

232 4074 244 4082 “
288 4134 291 4137 ἱ
336 4069 377 4116 XI.
395 4071 421 4116 3.
449 4070 593 4143 uocatum,
614 4087 670 4135 pag.
689 4073 732 4119 86.
760 4072 833 4120 Porro
849 4075 986 4123 Decretum
1008 4071 1092 4121 coron
1111 4079 1248 4140 cenet.,22
1264 4077 1316 4140 daji

336 4160 401 4209 1790
419 4160 444 4207 in
461 4160 542 4207 Choes
549 4194 558 4217 ,
576 4162 617 4221 Π,
635 4176 688 4222 pag.
701 4163 761 4211 335.
780 4163 879 4226 Duroni,
892 4165 1214 4231 Rappm,atttov.17tto‚
1232 4167 1266 4216 ib.
1278 4169 1314 4230 IV,
1421 4218 1427 4246 Ι
