2892 5042
583 539 643 602 101

97 707 165 771 bue
184 708 354 793 prohiberi
369 715 570 781 metallorum
589 721 800 797 evectionem,
822 742 863 784 ex
881 741 944 805 quo
955 721 1103 787 unirent

95 821 282 886 invaluerit
300 846 373 888 usus
384 827 544 893 literarum
562 832 782 910 cambialium,
797 853 932 920 quarum
942 823 1006 918 ‘cpe
1023 835 1102 899 faci·

95 932 162 997 lius
176 957 321 1023 magnae
333 949 428 1002 sortes
441 962 573 1028 peregre
584 945 823 1021 transferuntur,
834 966 932 1031 quam
943 944 968 1007 oi
978 946 1101 1009 nummi

93 1044 292 1112 evehantur.
324 1048 444 1115 Gambii
463 1063 568 1115 autem
592 1053 770 1119 libertatem
793 1066 968 1136 coarctare,
989 1077 1032 1119 ne
1054 1056 1102 1120 oio
1176 1123 1185 1134 .

92 1179 237 1243 quoque
256 1159 428 1245 migrarent
439 1175 535 1225 sortes
550 1161 610 1250 (uti
629 1176 841 1250 ouo·tempore
853 1166 887 1228 in
899 1167 1010 1240 Ruosu
1033 1167 1103 1231 tac-

90 1281 167 1333 tum
189 1268 302 1356 tradjt)
323 1271 524 1359 despoticmo
545 1296 737 1362 congruum,
751 1277 784 1340 id
799 1288 856 1354 eet,
871 1278 1100 1364 pernoctem

90 1382 286 1447 arbitratur.
334 1384 446 1468 Itaque
469 1396 501 1448 et
530 1387 644 1449 inutile
675 1398 706 1451 et
724 1389 854 1452 noxium
876 1387 987 1452 habuit
1006 1409 1102 1453 omne

91 1505 278 1571 statutum,
299 1515 363 1580 quo
386 1498 510 1559 nummi
530 1499 612 1562 intra
631 1498 708 1564 fines
724 1498 940 1564 cohibeantur.

142 1608 258 1682 Mitto,
284 1607 368 1691 quod
387 1607 425 1670 de
444 1606 606 1692 disciplina
624 1610 706 1674 bene
727 1612 878 1674 meruerit
898 1632 1103 1689 nemmem-

92 1740 193 1795 νιυε,
219 1718 388 1804 perspicue
409 1719 545 1804 exposita
563 1725 686 1785 cambii
700 1722 812 1786 natura
839 1732 872 1785 et
894 1721 979 1787 vario
996 1724 1100 1807 pretio

94 1829 215 1918 (emere
237 1831 286 1895 du
307 1828 448 1919 change)
477 1829 542 1918 (1),
576 1834 695 1918 quippe
723 1834 759 1897 in
781 1830 870 1897 hicce
893 1834 1005 1918 parum
1024 1833 1098 1896 novi

95 1941 276 2007 iuvenitur.

142 2054 276 2120 Verum
296 2074 396 2139 quum
417 2053 512 2117 modo
541 2054 781 2117 memoraverim
808 2052 871 2116 duo
892 2050 987 2136 hujus
1007 2051 1101 2117 dioci-

3 2241 5 2248 .
91 2165 209 2250 ptime
223 2176 423 2250 argumenta,
440 2177 614 2250 quaeante
628 2164 769 2230 medium
789 2186 873 2230 saec.
890 2186 995 2249 praec.
1010 2186 1096 2229 ccu-

92 2292 244 2345 troverea
275 2292 380 2358 erant,
418 2279 501 2345 haud
534 2282 665 2347 tacenda
696 2291 795 2366 puto,
827 2301 911 2368 quae
942 2280 983 2345 de
1010 2279 1098 2345 hirco

95 2393 417 2478 mmmmmn
522 2384 531 2393 '

150 2509 200 2569 4⁰.
237 2505 338 2589 Igitur
365 2504 434 2568 leco
461 2506 568 2568 veniat
600 2523 832 2580 ucnrmcurru
862 2501 1020 2585 judicium
1053 2502 1097 2567 de

97 2620 252 2681 nummio
270 2626 301 2679 et
321 2614 450 2679 licentia
472 2633 581 2678 eorum
604 2615 716 2678 valon'o
733 2612 896 2679 minuendi
918 2609 978 2701 (2).
1012 2612 1098 2675 Bene

98 2730 147 2794 ibi
178 2739 396 2813 comparatum
420 2726 542 2790 videtur
568 2725 608 2791 ad
634 2748 769 2791 uenorrr
792 2725 978 2790 seutentiam
1000 2724 1035 2789 et
1057 2723 1098 2788 de

99 2865 136 2906 re
155 2840 379 2916 refellendam,
404 2840 530 2907 effatum
550 2839 663 2918 hocce,
687 2838 856 2904 discrimen
882 2838 993 2903 valoris
1013 2835 1097 2902 inter

99 2976 251 3018 nummos
272 2952 359 3017 fietce
371 2965 501 3019 eteuooe
510 2975 627 3018 nocere
644 2964 849 3035 mercaturae,
867 2952 974 3039 itaque
993 2951 1097 3016 multo

98 3067 218 3131 melius
233 3078 357 3130 acturos
375 3068 580 3150 imperantes,
605 3067 630 3129 ei
650 3087 796 3129 nummos
814 3067 857 3129 ita
876 3065 1035 3139 cuderent,
1058 3073 1096 3127 ut

99 3177 184 3241 fictis
212 3198 301 3260 pares
321 3188 431 3253 meent,
457 3197 517 3240 nec
542 3175 674 3239 artificio
698 3175 835 3260 quodam
851 3185 1011 3238 mutarent
1029 3195 1097 3236 me-
1215 3173 1234 3180 ”

99 3290 172 3353 talli
190 3289 343 3368 valorem3
367 3309 477 3373 porro,
496 3288 613 3351 frustra
633 3288 761 3371 publica
778 3286 961 3352 auctoritate
972 3286 1095 3350 definiri

100 3419 309 3465 nummorum
345 3401 497 3485 pretium,
537 3400 655 3485 quippe
690 3398 776 3485 quod
806 3410 916 3484 sponte
952 3409 1095 3464 mutetur

101 3536 181 3598 prae
201 3512 290 3598 eopia
314 3514 363 3578 vel
391 3524 525 3601 egestate
545 3512 676 3577 aliarum
703 3511 875 3590 mercium,
898 3523 952 3578 out
968 3512 1037 3578 auri
1062 3521 1095 3577 et
1208 3517 1216 3528 '

102 3627 237 3713 argenti.

149 3740 255 3822 Quam
286 3739 472 3805 senteutiam
496 3750 613 3816 tuetur,
642 3733 785 3824 exemplo
809 3740 903 3804 allato
923 3738 1091 3822 Nigrorum

137 4038 178 4104 (1)
195 4039 229 4087 Ε.
248 4040 273 4091 d.
292 4037 320 4086 L.
337 4038 421 4101 mt,
439 4052 476 4101 oq.
494 4036 550 4085 coll.
570 4050 595 4084 Α.
611 4046 696 4095 ann,
714 4051 754 4099 op.
775 4035 830 4097 cit„
848 4030 876 4083 b,
894 4031 935 4098 lv,
953 4048 977 4082 c.
995 4035 1021 4081 8.

140 4128 177 4195 (²)
195 4129 229 4185 Β,
250 4130 274 4177 d.
293 4127 324 4176 L.
343 4126 629 4194 xx11.1-8,11-1o.
644 4126 701 4189 Str,
721 4120 800 4176 Cooro
815 4127 929 4194 complet,
946 4123 964 4176 1.
976 4127 1027 4194 ur,
1041 4131 1095 4179 ea

105 4217 410 4289 eumont
