2892 5042
797 495 838 558 46

325 680 416 754 rofio,
460 679 522 764 qut
558 678 770 764 couscriptum
800 699 878 763 opus
909 679 949 742 do
982 674 1125 765 Ingenio
1160 671 1314 764 Legum?

324 812 428 855 nonne
456 790 556 876 magis
574 790 739 876 profuisset
760 803 791 855 et
811 791 993 876 disciplinae
1019 801 1050 853 et
1076 790 1185 875 legum
1204 787 1315 852 seren-

323 904 434 969 dorum
454 904 512 967 arti
533 903 692 989 sequentis
709 903 834 979 aetatis,
864 903 889 966 si
908 903 1060 987 majorem
1080 903 1187 966 locum
1208 891 1314 966 tribu-

242 1025 244 1030 “
323 1017 394 1079 isset
416 1014 496 1100 juvis
526 1016 611 1081 univ.
643 1015 878 1101 philosophiae?
902 1015 1028 1080 tandem
1053 1036 1159 1079 nonne
1182 1014 1312 1079 eximiae

322 1129 442 1216 ingenii
461 1127 567 1207 dotes,
590 1127 704 1215 quibus
727 1129 883 1195 eminebat
905 1148 1178 1205 nonus-sommus,
1199 1125 1312 1190 utilius

322 1239 465 1305 adhiberi
489 1241 683 1324 potuissent?
711 1240 828 1327 quibus
855 1239 1000 1327 negando
1032 1235 1219 1321 respondere
1238 1257 1317 1332 'nou‘

322 1353 432 1418 ausim.
456 1354 574 1420 Votum
593 1374 667 1418 cum
686 1353 886 1431 instituerim,
906 1354 1075 1418 Auctorem
1094 1348 1228 1415 examini
1246 1348 1313 1414 ndi·

324 1489 412 1554 geve,
437 1466 558 1531 ratione
583 1467 747 1551 temporis,
781 1488 848 1552 quo
873 1466 1010 1543 vivebat,
1044 1462 1165 1540 habiit,
1199 1464 1311 1547 porum

325 1581 445 1646 adtinet
462 1602 571 1645 meum
590 1580 630 1644 de
644 1580 717 1665 ipsis
737 1580 906 1663 judicium.

366 1692 402 1754 ld
418 1714 519 1755 unum
530 1692 751 1776 explicandum
771 1703 873 1769 restat,
891 1714 950 1758 our
960 1694 1046 1777 operi
1058 1711 1116 1755 suo
1133 1691 1312 1777 symbolum

322 1804 514 1889 praemiserit
536 1824 641 1868 ovvun
668 1802 903 1883 hemistichium
938 1804 1093 1869 »Prolem
1113 1807 1188 1868 sine
1204 1812 1313 1867 matre

283 1927 288 1944 '
322 1923 503 1983 creatam.'’
539 1917 578 1982 Ni
593 1916 696 1994 fallor,
716 1927 836 2000 spectat
854 1916 932 1994 hoc,
955 1917 1027 1981 evim
1050 1916 1089 1980 od
1110 1915 1309 1995 methodum,

323 2031 387 2116 qui
414 2053 491 2093 usus
509 2031 644 2105 Auctor,
670 2040 706 2092 ut
733 2051 803 2092 eom
827 2029 987 2096 sciliceta
1017 2029 1143 2093 nemine
1170 2029 1310 2092 imitttus

322 2142 434 2219 suevit3
459 2143 527 2203 tum
544 2140 582 2204 od
598 2139 792 2223 propositum
811 2140 892 2205 illud
911 2142 1024 2225 operis,
1040 2141 1125 2227 quod
1141 2152 1226 2206 certe
1246 2143 1312 2226 peti

323 2238 388 2318 non
403 2253 506 2336 potuit
531 2273 567 2313 ex
585 2250 664 2333 juris
689 2250 813 2334 positivi
834 2253 1045 2338 seripton'bus,
1069 2275 1173 2339 neque
1195 2276 1232 2317 ex
1250 2274 1311 2339 po-

325 2366 426 2442 liticis,
450 2365 506 2451 qui
526 2376 616 2429 antea
635 2364 839 2448 scripserant,
860 2389 919 2430 noc
941 2389 958 2428 e
976 2363 1155 2432 theoreticis
1178 2367 1227 2430 sui
1241 2367 1308 2432 aevi

324 2465 525 2566 philosophis,
538 2480 655 2564 quippe
666 2478 722 2563 qui
737 2500 753 2541 o
766 2501 871 2543 verum
882 2478 1076 2557 conditione,
1095 2502 1177 2566 quae
1192 2480 1308 2556 oderat,

323 2594 416 2658 nimis
437 2593 532 2658 alieni
549 2602 658 2658 essent.
692 2591 742 2655 Ad
759 2591 897 2679 singulas
915 2602 1000 2657 certe
1021 2590 1197 2675 opiniones,
1220 2602 1257 2655 ut
1273 2613 1309 2654 ex

323 2730 379 2775 suo
393 2711 522 2796 ingenio
541 2719 642 2782 ortas,
662 2706 772 2769 referti
797 2706 909 2791 nequit
924 2703 1003 2767 illud
1019 2704 1204 2786 symbolum.
1223 2725 1228 2730 ·
