2892 5042
824 493 867 580 ss
951 511 955 520 ’

396 705 478 768 Sunt
491 712 594 766 tameo
615 718 843 776 nonrmourvu
864 697 957 762 edam
973 694 1182 781 singularium
1202 693 1358 756 observa·

353 818 475 883 tionum
500 813 690 890 nonnullae,
713 832 795 898 quae
815 808 993 885 ostendant,
1014 805 1074 892 ipsi
1092 829 1110 870 a
1126 803 1357 892 praejudicatis

356 930 420 998 illis
434 925 592 994 sententiis
611 926 743 991 liberam
760 924 855 988 luisse
875 934 1023 998 mentem,
1047 930 1088 997 et,
1110 940 1206 1005 quam
1229 940 1356 984 noram

354 1038 541 1128 quaesiverit
562 1037 656 1103 riam.

399 1155 503 1218 Primo
527 1153 597 1216 loeo
616 1150 813 1216 celebratum
832 1146 912 1211 illud
930 1145 1049 1210 dictum
1070 1145 1219 1208 occurrit:
1244 1144 1356 1207 »Pau-

355 1288 412 1352 per
438 1287 502 1330 non
541 1274 603 1341 est,
628 1262 683 1348 qui
716 1260 795 1326 nibil
828 1258 969 1324 dominio
998 1266 1098 1334 tenet,
1132 1255 1187 1320 sed
1215 1255 1272 1341 qui
1305 1257 1354 1320 nil

354 1380 441 1466 agir’
460 1377 521 1466 (l).
557 1377 638 1440 Fieri
666 1398 731 1440 non
753 1386 872 1461 potest,
897 1375 977 1459 quin
1004 1373 1166 1448 miremur,
1195 1372 1238 1436 ita
1264 1371 1354 1456 apud

355 1492 526 1558 Auctorem
554 1490 697 1555 'inveniri
729 1490 884 1576 placitum
909 1486 1143 1552 fundamentale
1171 1485 1351 1561 doctrinae,
1401 1504 1406 1511 ·

357 1625 440 1689 quae
467 1614 573 1688 postea
594 1625 697 1668 araur
721 1624 844 1666 enrrnrr
873 1600 1000 1665 nominc
1016 1599 1172 1664 inclaruit.
1205 1599 1257 1662 bd
1274 1621 1351 1682 pro·

357 1713 493 1777 bandam
525 1714 711 1777 sententiam
742 1734 810 1777 eam
841 1711 945 1788 addit,
979 1711 1189 1799 cognitionem
1217 1710 1352 1794 alicujus

356 1822 480 1888 artificii
506 1843 607 1907 aeque
636 1824 755 1885 sontem
783 1844 850 1885 csse
874 1822 1051 1900 redituum,
1077 1833 1172 1908 atque
1198 1824 1352 1907 pecuniae

359 1948 472 2004 sortem
495 1947 550 2002 aut
582 1959 693 2023 agrurn
726 1935 794 2024 (qui
821 1936 887 2021 ipse
920 1938 1036 2023 absque
1074 1936 1209 2000 bominis
1241 1936 1351 2001 labore

358 2051 479 2116 sructds
498 2071 562 2113 non
583 2046 720 2136 gignat);
744 2060 838 2135 atque
860 2049 997 2135 insuper,
1017 2059 1116 2114 artem
1134 2049 1349 2134 compluribus

359 2160 517 2246 impertiri
530 2181 638 2245 posse,
662 2160 792 2247 singulis
813 2162 967 2248 integram
974 2185 983 2241 3
1007 2183 1119 2247 agrum
1133 2161 1185 2227 vel
1204 2184 1349 2228 nummos

360 2275 403 2339 ita
423 2276 576 2352 tantum,
589 2285 624 2336 nt
645 2274 761 2360 singuli
781 2284 868 2359 parte
885 2274 1051 2360 gaudeant.

406 2388 458 2464 At,
477 2387 502 2452 si
522 2386 679 2473 reliquum
694 2387 834 2474 legamus
844 2398 940 2472 caput
954 2389 1019 2464 cit,
1031 2389 1203 2472 apparebit,
1222 2391 1350 2455 minime

360 2500 550 2590 intellexisse
565 2521 848 2580 nonresomvruu,
867 2512 945 2587 quot
968 2512 1150 2587 quantaque
1168 2502 1280 2568 exinde
1299 2527 1349 2569 se-

291 2666 300 2678 ,
362 2627 549 2702 querentur,
559 2637 661 2702 quum
683 2613 760 2679 nibil
776 2638 813 2679 ex
827 2616 994 2681 enunciato
1013 2613 1158 2693 deducat,
1179 2616 1240 2681 nisi
1252 2617 1346 2696 illud3

362 2728 503 2794 homines
519 2731 634 2793 multos
648 2751 714 2792 esse
733 2729 766 2792 in
785 2729 923 2806 civitate,
940 2728 995 2815 qui
1007 2728 1100 2793 unice
1121 2730 1215 2813 operal
1234 2732 1288 2795 sud
1302 2731 1348 2793 vl-

283 2845 286 2850 ’
363 2849 452 2914 rant,
474 2851 504 2901 et
526 2840 658 2904 civitatis
678 2862 744 2902 esse
766 2862 817 2903 eos
836 2841 939 2919 alere,
955 2841 1107 2927 siquando
1124 2842 1230 2907 minus
1248 2843 1347 2909 idonei

364 2951 517 3013 eraserint
537 2951 577 3014 ad
593 2950 781 3015 industriam
800 2973 888 3017 snam
907 2953 1121 3032 exercendam,
1160 2957 1275 3035 Probe;
1293 2978 1349 3020 re-

365 3064 436 3126 rilm
469 3063 595 3146 majoris
625 3065 776 3128 momenti
807 3065 914 3131 luisset
948 3068 1092 3146 effatum,
1120 3071 1145 3132 si
1174 3092 1349 3158 progressus

362 3178 445 3241 foret
463 3175 611 3241 dicendo:
629 3175 739 3240 »labor
750 3178 847 3265 igitur
859 3177 966 3246 divites
983 3181 1073 3262 facin
1090 3182 1180 3247 labor
1194 3185 1345 3249 mercibus

365 3290 501 3354 valorem
526 3289 654 3366 confert,
677 3296 760 3356 etc.''
802 3292 915 3357 Contra
936 3293 1010 3356 abbi
1040 3294 1162 3358 ridetur
1185 3295 1344 3362 adhaerere

369 3405 466 3466 errori
486 3403 722 3468 mercantilibns
741 3407 884 3469 omnibus
907 3407 1082 3485 communi,
1102 3419 1193 3492 puta,
1213 3411 1345 3476 valorem
1431 3489 1432 3496 ἵ

371 3515 470 3598 unice
482 3515 620 3599 pendere
638 3539 656 3580 e
673 3517 717 3579 rei
736 3519 825 3602 copiis
844 3518 893 3582 vel
913 3522 1072 3606 egestate(
1098 3519 1123 3608 ).

402 3733 440 3804 (1)
459 3733 495 3784 Ε.
524 3735 546 3789 d.
571 3737 603 3786 t.
621 3736 707 3786 xxm.
726 3738 774 3787 29:
794 3739 845 3787 »un
864 3739 956 3791 homme
973 3742 1036 3793 n'est
1053 3762 1093 3810 pas
1110 3744 1190 3811 richo,
1210 3764 1279 3812 parce
1295 3749 1346 3817 qu'il

367 3829 405 3881 n'a
422 3830 488 3892 rien,
507 3832 566 3879 mais
584 3838 656 3895 poree·
672 3827 733 3896 qu'il
751 3847 781 3879 ne
798 3830 907 3881 travaille
925 3833 993 3900 pas.''

402 3921 440 3988 (2)
457 3923 562 3989 Gutta,
582 3923 625 3972 dos
642 3922 772 3988 apsidatas,
791 3922 809 3972 l.
827 3924 858 3985 V,
875 3941 896 3974 c.
913 3928 931 3974 2
949 3927 983 3993 (r.
1000 3929 1041 3993 11,
1060 3944 1114 3994 pag.
1132 3928 1193 3998 26),
1213 3933 1285 3982 tradit
1302 3937 1348 4000 pri-

1426 3737 1430 3920 l

322 4046 325 4052 -
369 4017 431 4062 mrim
449 4015 505 4064 huic
518 4017 625 4082 opinioni
643 4015 791 4067 adversatum
809 4017 913 4082 Anglurn
939 4033 1077 4070 nonturno!
1092 4034 1162 4071 rurrr
1192 4026 1302 4092 (tractim
1315 4045 1347 4106 pa
1427 4023 1428 4060 l

370 4103 453 4170 taces)
471 4105 602 4173 docentem,
622 4107 726 4158 valorem
745 4111 856 4159 mercium
875 4110 970 4161 differre
988 4115 1079 4163 ratione
1096 4093 1223 4184 temporis,
1240 4136 1281 4184 per
1291 4119 1347 4187 quod

371 4195 493 4245 bominum
518 4196 598 4244 labore
624 4214 683 4261 opus
708 4201 783 4250 fuerit
808 4200 837 4249 ad
855 4220 893 4252 eos
912 4204 1068 4254 conficiendas
1085 4205 1122 4255 rol
1141 4209 1262 4271 petendas
1292 4212 1347 4261 lluie
