2892 5042
799 533 862 594 1⁰0

338 750 434 804 uetus
451 737 488 801 Α.
509 735 547 799 N.
566 731 685 813 inipso
707 716 913 791 commercio,
939 705 1024 796 (pund
1046 707 1128 767 inter
1142 696 1328 782 Hispaniam

338 860 370 916 et
388 825 525 914 colonias
545 844 776 911 intercesserat,
796 848 901 896 causas
919 817 1079 887 deterioris
1097 813 1164 898 ejus
1185 806 1334 874 conditi-

340 963 407 1028 onis
427 955 590 1045 quaesivit.
623 948 709 1017 Vidit
729 943 830 1017 enim,
853 937 930 1002 dum
949 929 1017 997 auri
1035 925 1222 1014 argentique
1239 918 1335 1001 copia

341 1071 525 1158 augebatur,
543 1063 638 1129 simul
657 1079 767 1123 eorum
783 1055 920 1118 valorem
940 1042 1041 1109 minui
1055 1040 1175 1104 ratione
1194 1034 1335 1097 abarum

342 1183 511 1259 mercium3
543 1176 666 1262 quoties
690 1179 796 1235 autem
821 1165 1017 1228 minueretur
1032 1152 1191 1240 quantitas
1209 1163 1334 1215 rernm,

345 1316 422 1381 quas
450 1292 518 1357 anri
544 1285 649 1372 pondo
675 1282 733 1346 sibi
761 1294 941 1361 comparare
975 1275 1099 1355 possent
1131 1256 1261 1344 Hispani
1301 1254 1338 1318 in

344 1403 483 1489 Rumpi,
520 1399 612 1463 toties
636 1393 746 1481 angeri
777 1386 914 1461 sumttls,
947 1378 1062 1466 quibus
1088 1395 1165 1459 opus
1180 1378 1278 1443 esset,
1300 1376 1339 1428 ut

347 1517 434 1584 aliud
455 1502 562 1580 rursu's
583 1508 687 1597 pondo
708 1528 726 1569 e
749 1501 862 1567 fodinis
880 1493 1103 1560 extraheretur.
1146 1486 1247 1569 Ergo,
1272 1481 1337 1564 qnb

348 1631 419 1713 plus
450 1626 570 1690 metalli
595 1617 772 1692 invenitur,
802 1615 839 1676 eb
862 1609 952 1674 vilius
973 1605 1028 1668 fiet
1057 1603 1091 1663 in
1118 1595 1264 1679 Europd,
1297 1594 1336 1652 eb

347 1737 446 1820 pluris
461 1733 615 1798 constabit
630 1732 664 1792 in
679 1724 833 1791 Americsi.
851 1722 975 1785 Constat
990 1713 1129 1801 quidem,
1150 1708 1227 1773 alias
1244 1706 1339 1769 etiam

349 1868 457 1912 causas
480 1844 573 1908 luisse
597 1840 724 1923 inopiae
745 1836 820 1899 illus
835 1834 1067 1915 Hispanorum,
1088 1843 1202 1906 nempe
1221 1814 1339 1883 coloni-

351 1981 442 2025 arum
471 1957 629 2044 regimen,
665 1961 696 2015 et
719 1945 915 2012 sacerdotum
934 1939 1087 2027 myriadas
1112 1932 1206 1999 tanus
1228 1926 1336 1993 sumti·

351 2074 410 2137 bus
428 2072 534 2135 locum
556 2065 690 2139 dedisse,
714 2071 751 2124 ut
770 2059 822 2123 via
843 2055 1014 2142 quicquam
1036 2047 1147 2113 exinde
1167 2044 1341 2131 perciperet

353 2204 447 2266 resp,
458 2181 536 2245 dum
553 2178 587 2241 in
598 2177 666 2261 ipsi
681 2173 793 2251 lberit,
810 2168 921 2255 populi
938 2163 1087 2229 industria
1098 2159 1236 2245 pigritie,
1247 2157 1340 2228 clero,

353 2293 492 2368 tributis,
511 2288 682 2355 latronibus
701 2283 927 2369 deprimeretur
945 2274 1000 2359 (1).

398 2403 435 2468 ld
453 2403 527 2465 verb
550 2400 746 2464 observatum
769 2394 875 2470 velim,
895 2388 980 2474 apud
997 2395 1265 2461 nonrmomvrnn
1280 2400 1341 2441 non

354 2536 507 2602 apparere
522 2492 665 2577 'insanam
684 2509 774 2571 illam
793 2504 863 2568 anri
879 2500 1068 2588 pecuniaeve
1089 2495 1286 2581 religionem,
1303 2511 1338 2552 ac

354 2632 384 2696 si
402 2630 450 2695 bis
470 2623 687 2693 tarrtdmmodo
708 2616 905 2705 acquirendis
925 2635 999 2699 opes
1019 2609 1128 2696 augeri
1150 2615 1285 2691 possent.

402 2741 497 2823 Quod
513 2740 612 2825 magis
627 2738 720 2800 etiam
739 2730 954 2817 perspicietur,
975 2724 1072 2810 siquis
1089 2718 1249 2795 adtendat,
1266 2737 1344 2802 quae

358 2854 477 2918 Auctor
505 2849 582 2913 dicit
608 2846 647 2908 de
676 2846 747 2927 lege
770 2840 907 2926 quddam
935 2836 988 2900 hlc
1011 2835 1078 2897 illic
1103 2833 1137 2895 in
1163 2830 1256 2894 Italiri
1272 2839 1344 2890 tune

358 2964 496 3046 vigente,
509 2979 556 3021 .nc
571 2956 642 3041 quis
663 2953 738 3018 civis
747 2952 832 3016 bona
850 2948 1024 3012 immobilia
1037 2946 1072 3008 in
1082 2942 1181 3029 patrii
1200 2940 1256 3003 sita
1272 2959 1344 3001 ren·

357 3073 463 3148 deret,
478 3081 508 3135 et
531 3091 606 3135 eum
626 3066 764 3132 nummis
783 3061 857 3128 inde
877 3061 1063 3145 comparatis
1080 3077 1213 3144 peregre
1231 3052 1342 3137 migra·

247 3225 254 3234 1
360 3196 408 3256 ret
430 3182 489 3272 (1)
523 3182 571 3250 lbi
599 3182 683 3248 enim
705 3199 768 3244 non
786 3186 910 3241 veretur
927 3183 1073 3246 statuere,
1095 3170 1255 3256 incassum
1271 3162 1343 3246 legi·

361 3374 601 3388 -ψ

396 3483 433 3550 (l)
450 3485 565 3547 narrar,
589 3481 623 3530 ib.
640 3482 658 3530 l.
679 3482 729 3544 tt,
749 3498 769 3528 c.
791 3482 837 3544 14,
856 3479 884 3528 de
902 3477 1022 3525 llexicani
1040 3472 1172 3540 provincii:
1197 3469 1257 3516 obes
1277 3467 1346 3515 droits
1379 3516 1381 3518 ,

364 3576 450 3626 letablis
475 3593 516 3623 sur
537 3577 573 3624 les
592 3574 778 3638 marebandises‚
797 3577 839 3640 qui
857 3576 962 3622 arrirent
980 3572 1009 3621 de
1027 3569 1101 3619 Cadix
1118 3567 1143 3617 et
1160 3583 1200 3615 snr
1215 3564 1249 3612 les
1266 3565 1346 3620 mines,

364 3667 388 3717 le
404 3667 443 3716 vil
459 3674 552 3730 argent,
570 3663 593 3711 la
610 3665 757 3729 capitulien,
775 3664 810 3712 les
829 3666 931 3728 impbts,
948 3663 972 3711 le
990 3662 1097 3711 domaine
1115 3668 1168 3708 sont
1185 3658 1215 3705 de
1232 3657 1253 3705 si
1270 3652 1348 3720 grands
1438 3687 1440 3700 .

364 3761 459 3829 objets,
486 3755 557 3825 qu’on
575 3773 605 3804 ne
623 3766 681 3822 peut
697 3756 790 3804 revenit
808 3753 837 3803 dc
855 3771 879 3802 sa
896 3756 1013 3819 surprise,
1035 3751 1115 3819 quand
1137 3768 1167 3798 on
1184 3751 1250 3811 voit,
1267 3764 1313 3814 qne
1328 3745 1349 3792 le

363 3865 493 3920 monetque
510 3867 540 3898 ne
556 3851 630 3899 retire
648 3847 825 3899 animellement
843 3846 875 3896 dn
892 3847 1019 3912 llexiqne,
1043 3845 1148 3910 quoique
1165 3840 1189 3890 la
1207 3842 1287 3890 mienx
1310 3836 1349 3886 ad·

298 4007 302 4014 ,
364 3946 487 3996 ninistrte
504 3940 586 3991 deses
601 3933 761 4008 possessioni,
788 3938 1084 4020 qu’enrironksssslldodll
1100 3931 1187 3983 lines‘
1205 3941 1253 3981 ete.
1279 3926 1348 3979 Pauli

366 4051 437 4101 supra
454 4032 594 4098 tradiderat,
612 4035 637 4082 in
656 4032 736 4082 eidem
751 4033 874 4097 provincii
891 4030 994 4081 reditum
1012 4045 1117 4081 annuum
1142 4025 1249 4091 episcopi
1274 4024 1348 4087 lnge·
1439 4017 1440 4026 ¹

365 4121 450 4173 ltensis
466 4140 516 4173 esse
535 4126 674 4189 1,aoo,ooo
693 4123 818 4175 librarum.

401 4215 440 4282 (a)
460 4216 492 4264 n.
513 4214 539 4262 e.
557 4215 589 4261 n.
605 4214 681 4262 xxii.
702 4218 749 4276 rs,
768 4215 825 4265 con.
842 4217 883 4262 rr.
