2892 5042
478 494 624 569 'tt

109 690 194 755 mod
226 710 267 753 nn
290 689 524 759 nndmonoux
544 689 627 752 festis
649 699 679 751 et
710 688 896 752 ornamentis
929 689 1097 773 impendis·

109 812 165 866 set.
191 801 293 865 llaec
323 800 406 863 enim
437 801 572 866 secunda
598 801 656 864 fuit
686 801 768 887 regis
798 801 986 878 concubina,
1019 824 1099 889 quae

100 912 210 996 ‘palam
232 891 331 976 hocce
353 913 496 990 nomine,
519 923 668 999 tanquam
691 911 862 977 honorifico
889 913 980 976 titulo
998 912 1099 977 deco·

17 1016 20 1027 ’
110 1035 193 1103 rata3
217 1023 328 1088 iisdem
348 1023 533 1101 honoribus,
557 1024 614 1109 qui
635 1024 761 1110 reginae
782 1024 988 1101 deberentur,
1011 1046 1100 1109 prae-

90 1135 203 1213 stitis,
236 1135 323 1199 illam
355 1157 461 1199 seeum
495 1138 528 1200 in
549 1158 674 1221 campos
696 1137 784 1200 duxit
805 1139 888 1213 Rex,
912 1148 948 1200 ut
968 1137 1101 1221 Belgicis

105 1247 290 1311 marescalci
325 1267 456 1312 saxours
480 1247 625 1311 „victoriis
658 1247 791 1324 adesset,
823 1247 898 1313 licet
927 1261 1101 1313 sumtuosae
1161 1273 1163 1276 ⁴

111 1357 201 1421 aulae
222 1369 385 1443 apparatus
404 1358 499 1443 copiis
525 1361 622 1444 magis
639 1359 877 1444 impedimento,
901 1382 996 1445 quam
1016 1361 1102 1425 auxi·
1146 1360 1150 1361 ⁷

112 1469 157 1532 lio
179 1479 266 1533 esset.
299 1471 406 1549 Quum
423 1481 528 1532 autem
549 1467 662 1555 (1745)
681 1481 808 1553 aegroto
826 1471 906 1554 Regi
925 1494 1014 1535 curas
1030 1472 1104 1534 dare

114 1591 244 1665 cuperet
266 1580 383 1665 pellex,
408 1579 514 1643 clerici
544 1578 582 1642 de
605 1579 755 1664 principis
782 1580 880 1644 calme
900 1584 1024 1646 aeterna
1044 1582 1103 1645 sol-

24 1734 26 1739 ·
112 1693 190 1758 liciti
217 1693 250 1755 in
283 1691 434 1756 vestibulo
467 1710 536 1755 eam
568 1690 718 1774 repellere
743 1692 885 1768 voluere,
910 1715 945 1756 ex
968 1716 1104 1779 quorum

112 1805 256 1891 manibus
266 1802 495 1868 eam'liberarit
506 1812 535 1866 et
556 1802 782 1867 incubiculum
792 1805 886 1890 Regis
908 1806 1024 1871 intrare
1033 1830 1104 1892 per·

113 1918 195 1983 misit
214 1918 284 1981 Dur
305 1939 345 1980 oa
366 1936 556 1993 brunantun,
580 1926 611 1979 at
635 1927 736 1978 morte
762 1925 792 1978 et
817 1917 989 1991 inferorum
1011 1917 1104 1979 minis

113 2029 295 2116 perterritus
315 2031 398 2106 Rex,
431 2028 559 2090 uxorem
581 2026 621 2090 ad
652 2048 685 2090 se
709 2027 812 2090 vocari
830 2026 932 2110 jussit,
957 2028 1105 2091 concubi-
1155 2023 1158 2027 ’

105 2164 189 2207 νιιιιιιι
217 2140 342 2205 dimisit.
388 2140 456 2202 Mox
475 2138 558 2202 bonai
582 2138 758 2202 valetudine
788 2139 969 2223 recuperati
997 2160 1104 2204 ιυυο-
1136 2131 1138 2134 ’

116 2275 209 2318 vrcus
233 2251 352 2316 nullam
376 2252 527 2315 rationem
552 2251 662 2316 habuit
691 2251 827 2338 reginam
852 2253 886 2315 in
901 2255 1037 2317 favorem
1057 2274 1105 2317 re-

116 2366 203 2430 didre
233 2375 264 2427 et
291 2384 460 2428 nrcnnmus
483 2373 514 2426 et
533 2363 724 2441 concubina,
748 2364 801 2427 eui
820 2365 913 2449 paulb
938 2375 1006 2448 post
1023 2386 1107 2428 mor·

107 2489 189 2542 -tuae
219 2475 379 2552 suecessit,
416 2496 496 2560 quae
527 2476 597 2540 satis
627 2474 680 2537 diu
713 2475 860 2540 Franciae
885 2475 1035 2559 praefuit,
1066 2496 1106 2538 nn

118 2609 311 2669 rouranoon
347 2585 406 2671 (1).
462 2587 547 2648 Haeo
578 2586 662 2667 optio
699 2588 803 2670 regiae
840 2586 987 2648 lubidinis
1018 2586 1107 2647 initio

118 2699 277 2766 nobilibus
297 2695 470 2793 displicuit,
492 2696 565 2781 quia
583 2717 697 2779 nempe
721 2696 909 2782 ignobilibus
930 2696 1108 2781 parentibus
1136 2690 1139 2695 ’

57 2821 81 2840 ”
118 2823 190 2879 nata
218 2820 295 2874 esset
322 2809 440 2893 pellex,
473 2819 609 2873 attamen
629 2808 718 2871 brevi
738 2808 778 2873 ab
812 2809 956 2873 omnibus
987 2809 1106 2895 agnita,

118 2946 178 2990 nec
205 2924 369 3009 quisquam
398 2920 624 2985 adulationibus
653 2921 809 3005 pepercit,
839 2922 915 2986 adeo
946 2933 982 2985 ut
1001 2931 1109 3006 poetae

120 3036 215 3101 aulici
241 3036 330 3099 istam
350 3024 578 3117 supralationem
595 3033 726 3118 perinde
746 3055 783 3098 ae
809 3034 932 3120 regium
951 3034 1109 3098 matrimo-
1138 3075 1145 3086 ·

120 3149 210 3211 nium
230 3148 367 3211 carmine
391 3146 585 3209 celebrarent
607 3144 618 3232 (
641 3142 665 3229 )

109 3313 113 3317 ,
164 3262 231 3324 Nee
253 3259 338 3343 parri
355 3257 500 3341 ponderis
519 3268 584 3319 erat
600 3258 793 3319 concubinae
821 3258 970 3341 dignitas,
994 3256 1110 3339 quippe
1160 3334 1163 3345 ,‚

121 3371 252 3437 simulac
270 3368 456 3451 baccillave
476 3366 591 3432 femina
619 3389 687 3432 eam
711 3378 801 3431 nacta
832 3377 924 3444 esset,
950 3366 1109 3444 omnibus,

122 3484 179 3571 qui
194 3483 265 3547 altis
283 3479 436 3546 inhiarent
455 3480 656 3558 muneribus,
680 3482 804 3565 patebat
821 3480 906 3563 unde
928 3502 963 3545 ea
978 3479 1111 3564 petenda
1137 3465 1142 3470 ³
1171 3520 1172 3523 =

81 3677 83 3680 y
122 3607 232 3662 essent.
284 3594 320 3658 Id
340 3593 423 3657 enim
452 3614 610 3676 summurn
634 3592 769 3657 dedecus
793 3595 872 3658 sae'c.
901 3595 952 3658 18ἰ
972 3592 1108 3671 ridetur3

123 3707 233 3772 modus
263 3705 393 3783 scilieet,
428 3727 493 3790 quo
522 3706 562 3770 ad
592 3727 696 3770 rerum
719 3728 874 3770 summam
894 3705 1110 3789 capessendam
1138 3726 1140 3729 ’

96 3885 100 3891 ,
123 3820 346 3904 perveniretur.
381 3820 446 3896 Sic,
469 3820 608 3904 exempla
626 3820 651 3883 si
672 3832 878 3906 quaerantur,
902 3820 975 3882 Dux
994 3839 1111 3882 arcua-

161 4076 197 4141 (t)
214 4079 354 4145 scamaras,
372 4079 404 4127 ΙΙ.
422 4095 475 4145 pag.
493 4081 538 4147 at,
555 4083 607 4129 17⁴
622 4097 655 4148 sq.

160 4166 196 4232 (2)
214 4170 240 4217 a.
259 4184 284 4231 g.
298 4170 440 4238 laurum,
456 4175 553 4236 patrios
570 4170 671 4236 mdldss,
692 4173 750 4236 107,
771 4175 829 4254 lit.
