2892 5042
612 538 773 594 13.

122 711 333 794 spectaculo,
354 711 442 795 quod
461 711 629 776 lectoribus
652 714 753 797 operis
771 712 1024 798 lloutesquirlani
1049 723 1122 776 ante

124 824 244 886 ocrrlos
271 834 424 901 versatur,
462 847 525 889 una
556 828 659 902 notio,
693 848 774 890 unus
804 847 915 910 scopus
945 824 1123 911 principalis

123 933 301 1011 eminebit,
324 937 387 1020 qub
411 935 512 1000 aciem
532 948 696 1002 vertamus.

173 1046 297 1111 Vereor
312 1058 353 1110 an
369 1047 402 1110 id
418 1047 501 1111 bene
520 1069 679 1112 cessurum
697 1048 754 1125 sit,
777 1048 836 1112 nisi
852 1048 940 1114 lectis
957 1049 1054 1134 semel
1072 1060 1123 1113 at·

120 1177 194 1242 que
224 1157 340 1221 iterum
358 1158 443 1221 libtis
463 1158 505 1222 de
523 1157 670 1246 Ingenio
695 1159 817 1247 legum
839 1160 1015 1244 applicetur
1031 1182 1123 1224 sanae

31 1256 38 1267 ’
120 1267 258 1332 critices
278 1267 359 1331 illud
380 1280 601 1355 praeceptum:
634 1271 775 1354 »Scripta
795 1269 993 1356 diiudicanda
1014 1282 1122 1333 sunto

122 1379 253 1445 ratione
269 1380 432 1464 temporis,
456 1403 520 1467 quo
533 1383 676 1446 conlecta
696 1383 790 1448 sint.’'
813 1383 944 1446 Maxime
966 1380 1027 1447 boc
1045 1380 1123 1447 ada-

123 1491 225 1576 gium
255 1512 315 1554 usu
343 1490 429 1554 venit
461 1493 543 1556 circa
569 1502 760 1577 praestantes
785 1494 949 1577 scriptores
964 1493 1122 1577 politicos,

122 1600 255 1685 quippe
272 1601 306 1664 in
330 1621 408 1685 quos
426 1599 572 1665 bilariim
592 1601 655 1665 vim
675 1622 765 1666 suam
787 1614 928 1668 exerceat
947 1604 1121 1680 saeculum,

121 1735 197 1800 quo
218 1713 332 1778 rirant.
366 1713 444 1778 Cirm
465 1714 550 1777 enim
568 1713 667 1800 magis
688 1715 834 1779 minusve
854 1713 1040 1779 imbuuntur
1055 1714 1121 1797 ejus

122 1808 331 1911 opinionibus
351 1826 500 1909 receptis,
525 1825 592 1889 trlrn
606 1847 664 1910 pro
676 1826 796 1912 ingenii
814 1827 960 1892 acumine
977 1827 1120 1892 animad-
1185 1854 1189 1863 ⁸

122 1949 258 2004 vertunt
275 1948 307 2001 et
324 1938 535 2021 patefaciunt,
558 1936 636 2022 quid
650 1937 821 2023 sapienter,
845 1938 922 2021 quitl
941 1937 1048 2022 inepte
1067 1938 1121 2004 liat

121 2053 168 2116 ab
193 2048 390 2134 aequalibus.

172 2163 225 2225 Ita
235 2157 650 2243 mcunmnprodentiae
664 2157 810 2242 politicae
820 2171 1004 2244 praecepta,
1027 2180 1120 2227 sensu

123 2275 197 2337 tere
219 2272 385 2346 carebunt,
408 2269 467 2334 nisi
479 2270 601 2337 assidub
613 2270 653 2335 ob
672 2270 778 2335 oeulos
798 2268 912 2336 habeat
925 2271 1050 2349 lector,
1063 2293 1119 2336 ae-

115 2384 277 2472 ¹qualibus
306 2383 391 2448 Italis
425 2384 596 2468 scripsisse,
632 2405 709 2469 quos
732 2383 814 2447 inter
839 2383 915 2448 fides
939 2383 1066 2468 publica
1088 2394 1120 2446 et

125 2498 322 2582 privatorum
348 2494 467 2558 nullius
483 2494 668 2575 baberetur,
694 2493 860 2558 concordia
879 2505 911 2558 et
931 2494 1010 2558 vires
1029 2493 1120 2558 dees-

10 2602 17 2619 *
124 2618 218 2683 sent,
241 2604 356 2688 quibus
376 2604 554 2667 resisterent
565 2604 775 2678 invasoribus,
791 2604 902 2667 astutis
919 2614 950 2665 et
960 2604 1120 2669 fraudibus

62 2763 66 2774 .
115 2717 240 2782 omnia
260 2714 416 2779 adfinem
435 2715 693 2800 perducerentur.
736 2715 826 2778 Tunc
852 2712 981 2777 demum
1000 2714 1120 2778 intelli-

99 2832 234 2918 gitur,
267 2848 332 2914 quo
353 2837 446 2912 pacto
466 2828 514 2890 vir
532 2826 651 2912 patriae
670 2847 796 2903 ornans,
827 2825 978 2891 libertatis
1000 2827 1118 2906 fautor,
1212 2893 1216 2898 ,

126 2946 283 3012 Veterum
300 2940 420 3025 scriptis
441 2940 529 3026 quasi
551 2940 703 3016 nutritus,
726 2939 816 3006 lateri
833 2938 971 3024 potuerit
989 2960 1023 3003 se
1046 2962 1118 3017 mo-
1192 2937 1202 2948 ’

127 3055 189 3122 rali
209 3030 373 3118 hominum
386 3052 591 3136 praestantiae
609 3051 704 3116 fidem
723 3072 856 3139 negare,
882 3060 914 3114 et
938 3049 1011 3138 (olio
1034 3049 1116 3139 loeo)

127 3164 258 3230 nullum
273 3140 448 3248 principem
463 3162 522 3225 sibi
539 3171 651 3225 notum
668 3184 750 3238 esse,
775 3183 870 3247 quem
889 3182 1030 3225 unnrcso
1043 3182 1117 3237 suo,

127 3272 276 3338 imitandi
306 3271 416 3348 causi,
448 3270 662 3345 commendet,
695 3270 797 3352 potius
829 3290 925 3353 quam
956 3290 1118 3333 omniu

129 3406 282 3451 nouenos
298 3379 368 3471 ·.(1)
410 3380 527 3458 Simul,
551 3393 588 3445 ut
612 3380 730 3446 monita
759 3379 826 3464 ejus
849 3377 976 3466 politica
1001 3379 1118 3446 intelli-

167 3639 205 3710 (1)
231 3643 411 3703 lienium,
434 3641 544 3692 discorso·
566 3657 642 3709 sopra
664 3643 694 3691 T.
709 3642 784 3691 Livio
810 3641 883 3708 (vers.
897 3640 937 3693 Fr.
952 3641 1031 3706 flagae
1049 3640 1115 3691 Con.

32 3778 39 3789 ,
130 3732 224 3800 174³),
242 3734 268 3783 I..
287 3735 313 3795 1,
331 3732 369 3782 cli.
386 3735 419 3800 ³3
446 3734 506 3784 »les
524 3733 629 3784 hommes
652 3751 682 3784 ne
702 3734 757 3783 sont
769 3734 856 3798 jinais
874 3731 898 3780 le
918 3731 989 3798 bien,
1007 3748 1056 3797 que
1075 3747 1119 3795 par

129 3826 261 3891 necessitt,
278 3836 303 3875 et
317 3824 351 3893 u,
368 3829 401 3874 ori
416 3825 448 3875 ils
460 3836 502 3876 ont
518 3826 542 3875 le
563 3826 634 3875 obotx
649 3823 712 3873 libre
728 3834 796 3874 entre
811 3824 835 3872 le
853 3821 912 3870 bien
933 3831 958 3870 et
975 3820 998 3869 le
1015 3820 1078 3887 mal,
1093 3831 1120 3870 et

128 3915 204 3982 qn'ils
219 3926 323 3982 pervent
340 3923 426 3965 mettre
444 3934 473 3967 en
491 3918 600 3983 pratiqne
613 3914 637 3963 le
653 3914 748 3964 dernier
766 3912 942 3977 irnpnniment,
960 3909 991 3958 ils
1004 3927 1035 3960 ne
1051 3928 1120 3965 man-

130 4018 207 4073 quent
217 4009 301 4072 januis
319 4007 348 4057 tle
366 4008 464 4074 semplir
485 4017 539 4058 tout
559 4006 589 4056 (le
612 4007 737 4054 conimion
756 4012 781 4052 et
800 4001 830 4051 tle
847 3998 980 4050 disordre.”
1012 4004 1050 4054 Cf.
1077 4007 1120 4057 tot

108 4084 259 4165 'priumie
277 4113 330 4162 cop.
346 4101 391 4149 17.
419 4097 458 4148 lb.
480 4114 501 4146 e.
519 4099 549 4162 ⁷5
567 4095 693 4147 »Raocolte
719 4093 829 4162 dunque
847 4102 911 4143 tutte
935 4104 1017 4162 queste
1042 4098 1118 4147 arioni

129 4188 172 4238 del
189 4188 251 4240 duee
273 4186 400 4256 (eniri),
425 4204 473 4240 non
496 4189 575 4254 nprei
596 4186 758 4255 riprerdnb3
781 4188 833 4239 ensi
853 4186 886 4238 ni
905 4202 977 4254 pare,
1004 4205 1069 4241 eone
1086 4187 1117 4236 bo
