2892 5042
611 510 653 572 39

635 654 639 663 ι

137 694 179 759 cle
203 691 330 780 Aegiis
360 690 508 755 scriberet
532 686 665 776 (1727),
684 677 770 775 'quae
792 691 928 757 multum
951 694 1125 768 contulere,
1206 756 1211 765 ,

26 868 30 879 ,
138 815 175 868 ut
195 803 342 889 duplices
363 799 560 886 philosophos
582 812 774 869 sectarentur
796 803 916 871 Franci.

182 916 266 997 Quid
287 936 539 992 nearesourvrus
556 914 595 978 de
620 914 756 1001 genuinis
777 936 888 983 secun
907 914 1046 981 doctrici
1064 939 1125 1001 po*

134 1028 221 1093 titict
245 1028 390 1105 senserit,
415 1027 536 1113 quique
561 1048 631 1093 eam
654 1027 862 1095 adhibendam
888 1028 1026 1107 duxerit,
1044 1030 1124 1095 inim

135 1141 400 1229 inuestigandum
432 1140 465 1204 id
491 1143 563 1204 verb
587 1140 777 1217 tenendum,
807 1142 931 1227 cognita
957 1141 1014 1227 ipsi
1033 1142 1125 1206 luisse

133 1255 210 1317 edm
240 1254 345 1318 emnia
377 1253 431 1317 illa
463 1253 638 1338 Anglerum
669 1253 798 1337 scripta,
830 1255 898 1319 tdm
925 1255 1017 1319 etium
1051 1275 1124 1321 eum

133 1358 333 1448 scriptoribus
350 1365 542 1433 familiariter
563 1366 681 1430 vixisse.

180 1476 263 1538 Dum
282 1486 387 1539 autem
410 1476 543 1560 ingenii,
568 1476 739 1560 elegantiae
760 1488 792 1538 et
812 1478 906 1543 fastus
926 1478 1052 1543 laudem
1067 1478 1125 1540 sibi

133 1598 321 1671 quaererent
336 1606 494 1671 preceres;
512 1585 584 1651 inde
602 1608 620 1650 a
636 1596 901 1651 mortesmortes
912 1588 986 1653 xlv
994 1587 1125 1671 pessime

132 1699 366 1786 gubernamur
396 1698 540 1774 Francia,
573 1719 633 1762 nee
664 1719 720 1780 per
754 1708 854 1763 totum
888 1718 1041 1763 suoovrer
1066 1699 1145 1763 XV.

124 1832 282 1898 regnum,
304 1809 602 1896 quicquamsactum
622 1821 668 1874 est
687 1809 726 1873 ed
745 1809 854 1895 pepuli
870 1833 963 1877 onera
978 1812 1123 1887 levanda,

132 1936 186 1989 aut
206 1935 243 1986 ut
265 1924 367 1986 minus
386 1933 544 1989 sumtuosa
563 1921 651 1985 fieret
673 1923 719 1985 rei
739 1922 884 2005 publicae
903 1924 1009 2008 gestio.
1056 1926 1122 1988 Iam

132 2036 253 2120 pridem
273 2056 409 2099 aurursus
426 2054 672 2101 scemurense
691 2032 908 2117 procuratione
919 2055 1044 2097 mamm
1055 2056 1124 2099 cor-

132 2149 272 2234 ruptela,
295 2147 541 2233 magistratuum*
554 2140 707 2210 fiscalium
727 2145 924 2230 improbitas,
946 2146 1058 2210 cerarii
1075 2147 1123 2210 in-

132 2259 202 2344 opia
227 2258 358 2324 maxime
388 2270 496 2324 auctae
525 2259 665 2336 fuerant,
698 2264 799 2343 quum
829 2268 860 2321 et
886 2258 1023 2342 privatae
1044 2257 1123 2325 vitae

130 2371 299 2455 pessimum
318 2362 405 2436 daret
433 2372 611 2455 exemplum
637 2371 839 2444 Procurator,
864 2381 896 2433 et
915 2369 1051 2457 indignis
1070 2372 1122 2434 le·

131 2507 204 2549 rore
235 2485 414 2551 eonsilimiis
447 2486 538 2551 nimis
568 2486 772 2563 auscultaret,
807 2507 844 2550 ac
871 2483 1032 2566 peculatus
1055 2503 1122 2545 reos

129 2606 369 2678 persequeretur
387 2597 534 2678 quidem,
559 2617 668 2657 eorum
686 2599 759 2658 verb
779 2595 886 2679 spoliis
900 2595 975 2663 alies
991 2593 1123 2675 deprae-

129 2705 251 2769 datores
271 2704 482 2787 locupletaret
528 2703 735 2786 Marimopere
755 2706 792 2767 eb
815 2693 948 2793 contulit
968 2703 1121 2765 semesum

129 2814 209 2880 illud
241 2824 404 2902 systema,
435 2816 520 2903 quod
544 2815 624 2880 lucri
645 2814 764 2902 absque
780 2816 900 2885 ,labere
921 2811 1122 2897 comparendi

125 2928 273 3015 flagranti
297 2927 443 3013 cupidine
470 2929 611 2994 omnium
639 2928 758 2993 animes
787 2926 942 3003 incendit,
966 2935 997 2989 et
1018 2924 1119 2991 subito

126 3062 180 3105 aes
202 3041 340 3105 ebenum
358 3041 521 3125 publicum
542 3051 664 3126 praeter
686 3040 818 3105 modum
837 3041 939 3117 aruit,
962 3049 998 3102 ut
1022 3036 1120 3102 credi·
1213 3097 1218 3103 ,

11 3154 12 3157 ’
130 3151 247 3218 toribus
270 3164 375 3238 aperte
399 3153 576 3238 decoquere
597 3152 741 3219 debuerit
763 3150 909 3216 Franciae
930 3148 1049 3236 meus(
1071 3146 1096 3233 ).

172 3267 318 3353 Attamen
350 3275 380 3327 et
404 3265 520 3347 populo
545 3265 694 3326 dilectum
717 3263 777 3325 fuit
801 3282 940 3331 sermm
961 3259 1118 3343 regimem

19 3386 26 3398 ‘
127 3388 161 3441 et
182 3375 343 3441 latendum
357 3385 401 3438 est
419 3395 493 3438 eum
513 3372 679 3459 aliquando
702 3372 742 3436 de
758 3369 880 3455 juribus
898 3380 929 3434 et
948 3369 1046 3434 salute
1063 3389 1118 3453 po

127 3489 195 3574 puli
218 3487 385 3553 sollicitum
403 3485 574 3572 prodidisse
599 3486 756 3562 animum,
774 3507 801 3550 e.
822 3508 854 3570 g.
874 3482 1058 3583 quum-lites
1078 3481 1118 3545 de

127 3601 296 3687 religione,
320 3601 471 3687 quentdm
496 3599 619 3684 potuit,
642 3607 866 3684 compesceret3
891 3617 992 3682 quum
1012 3593 1118 3662 eecle-

126 3710 285 3795 siastieum
312 3713 447 3778 tribuual
477 3711 521 3800 (le
539 3708 791 3801 eonfeseional),
815 3709 899 3796 qued
921 3729 1023 3793 nuper
1041 3726 1115 3775 eeu-

162 3983 198 4049 (t)
217 3985 251 4033 lle
274 3999 367 4035 rourum
392 3998 477 4033 truso
497 3995 520 4031 et
545 3987 683 4047 systemate
705 3984 738 4030 ot.
775 3979 1115 4040 utineam,11ot.‹uu2

69 4102 70 4105 ¹
128 4074 253 4147 litigosos,
271 4093 324 4141 pag.
343 4077 385 4125 98.
405 4093 436 4125 m.
455 4090 505 4140 sqq.
523 4075 661 4133 Vosrsrae,
680 4072 758 4121 utcu
775 4072 805 4119 de
823 4084 894 4122 toute
911 4071 960 4137 XV,
979 4070 1017 4120 cb.
1035 4074 1114 4136 2sqq.

127 4167 160 4214 lle
177 4169 231 4231 ejus
247 4167 333 4216 effectu
350 4170 376 4215 iu
395 4182 469 4214 meree
486 4168 516 4215 L.
533 4165 566 4214 Ρ.
580 4166 639 4230 188,
660 4165 718 4225 tte,
738 4164 798 4213 tte.
1063 4169 1071 4178 ‘
