2892 5042
813 468 855 528 36

347 660 401 725 ret,
422 649 467 710 nil
489 645 575 709 atiud
586 647 624 709 iis
646 644 783 730 intelligi
801 645 841 707 ab
860 646 1004 718 ductore,
1028 642 1098 715 uisi,
1120 641 1207 725 quod
1222 643 1331 725 populi

345 761 437 824 causa
460 760 545 844 leges
569 758 670 824 adsint
699 767 730 820 et
757 757 962 840 imperantes,
995 752 1081 838 quod
1108 752 1159 816 tex
1186 753 1333 840 publicae

345 873 437 938 saluti
458 870 569 936 debeat
590 868 773 944 convenire,
797 888 856 930 nec
883 866 948 929 ulla
970 867 1019 928 lox
1040 864 1118 928 adeo
1138 865 1333 932 fundamen-

346 985 415 1048 talis
436 985 475 1047 sit
495 983 648 1056 civitatis,
672 992 708 1043 ut
727 979 919 1062 reipublicae
939 977 1109 1043 servandae
1127 980 1220 1044 causa
1242 980 1332 1043 abro-

348 1095 414 1182 gari
432 1105 579 1180 nequeat.

392 1209 510 1274 Verum
530 1208 729 1293 quautdmvis
752 1205 791 1269 dc
816 1204 979 1269 commodo
1004 1216 1034 1267 et
1055 1204 1253 1268 incommodo
1269 1204 1331 1268 dis-

349 1323 465 1405 putdrit
486 1321 754 1398 nonnusquam,
779 1319 918 1404 quamvis
942 1322 1011 1382 rard
1036 1340 1166 1385 examen
1193 1319 1335 1383 instituat

350 1457 390 1499 au
404 1434 486 1500 baec
503 1435 552 1498 rel
587 1434 642 1499 illa
666 1435 717 1498 tei
741 1432 883 1498 absolute
906 1432 990 1516 justa
1021 1432 1131 1509 fuerit,
1166 1433 1336 1519 aliquando

350 1560 454 1613 tamen
470 1548 582 1633 prodit,
601 1557 717 1633 quantu
737 1544 830 1610 suerit
846 1545 904 1629 ipsi
919 1543 1092 1612 reverentia
1103 1544 1196 1627 juris,
1218 1556 1335 1609 semoto

350 1660 444 1722 etiam
466 1659 621 1722 commodi
640 1681 742 1724 sensu.

394 1772 441 1835 Ita
458 1791 558 1855 quum
581 1768 677 1856 (libro
696 1765 737 1853 X)
760 1765 1009 1831 consideraturus
1032 1771 1070 1832 sit
1093 1770 1197 1855 leges,
1222 1769 1336 1855 quibus

350 1882 518 1949 condendis
538 1881 804 1969 opportunitatem
823 1879 965 1944 dederint
984 1880 1067 1944 bella
1090 1892 1120 1944 et
1145 1882 1336 1958 invasiones,

352 1999 460 2083 incipit
486 1997 525 2061 de
553 1997 638 2061 bello
664 2017 830 2081 quaerere,
863 2017 903 2058 an
934 2014 1084 2076 umquam
1113 1992 1236 2075 justum
1268 2016 1332 2057 esse

351 2109 456 2190 possit,
479 2117 583 2191 atque
595 2107 637 2170 ita
657 2106 877 2170 ratiocinatur:

396 2220 511 2282 Gentes
540 2239 656 2301 quum,
696 2217 774 2280 citra
806 2227 913 2300 pacta,
941 2218 1015 2300 jure
1046 2219 1167 2288 tantdm
1202 2216 1338 2282 naturali

351 2330 432 2412 inter
460 2352 492 2392 se
518 2341 682 2414 regantur;
717 2327 811 2413 hujus
840 2339 946 2392 autem
966 2330 1114 2413 primaria
1134 2352 1205 2414 pars
1232 2331 1270 2393 sit
1290 2330 1338 2393 sui

352 2443 447 2526 ipsius
479 2453 637 2519 tutamen,
680 2463 898 2528 quaecumque
931 2444 1103 2507 neccssaria
1136 2454 1208 2506 sunt
1242 2456 1276 2507 ut
1305 2467 1338 2506 so

273 2591 278 2598 1
352 2557 526 2622 incolumes
542 2567 682 2634 servent,
707 2557 809 2621 iacere
829 2555 865 2618 iis
886 2556 970 2642 licet.
997 2558 1062 2621 Nec
1081 2558 1254 2643 quicquam
1274 2558 1338 2622 dis-

353 2672 493 2735 criminis
508 2670 595 2735 adest
603 2719 622 2762 ,p
629 2670 654 2733 si
666 2671 835 2735 Auctorem
851 2671 888 2734 N.
910 2670 1032 2745 audias,
1056 2669 1138 2733 iuter
1151 2670 1274 2734 bellum
1292 2671 1338 2733 of-

352 2782 507 2844 fensivum
535 2792 566 2842 et
601 2781 812 2855 defensirum,
844 2780 928 2865 quod
953 2782 992 2846 ad
1016 2782 1068 2865 jus
1095 2782 1229 2859 adtinet,
1267 2783 1339 2847 licet

354 2889 467 2953 effectu
483 2889 655 2973 plurimum
673 2891 833 2970 differant,
855 2914 943 2969 nam,
967 2904 1003 2958 ut
1021 2895 1187 2960 incolumis
1199 2907 1338 2961 servetur

354 3001 543 3086 respublica,
574 3023 698 3065 necesse
727 3003 896 3088 aliquando
925 3016 984 3083 cst,
1009 3018 1044 3070 ut
1067 3010 1174 3092 copiae
1200 3011 1234 3073 io
1259 3010 1340 3073 alie-

354 3138 431 3181 num
448 3116 638 3180 territorium
658 3138 689 3180 se
708 3118 886 3201 conserant,
909 3141 1013 3205 neque
1036 3121 1069 3185 id
1086 3121 1215 3199 sufficit,
1238 3134 1274 3186 ut
1289 3124 1340 3185 in·

350 3231 503 3312 justitiam
517 3230 622 3295 adesse
637 3243 818 3297 statuamus.
845 3232 934 3311 Dein,
950 3255 1013 3297 non
1034 3235 1152 3313 salutis,
1176 3235 1229 3300 sed
1244 3237 1337 3320 justi*
1425 3239 1426 3246 ’

353 3345 415 3406 tiae
434 3345 545 3418 causi,
569 3345 726 3427 principes
744 3351 859 3421 monet,
888 3356 922 3407 ut
946 3357 1091 3424 caveant,
1115 3370 1155 3411 ne
1177 3370 1213 3411 ex
1236 3347 1340 3411 domi·
1415 3323 1426 3362 ’Ἰ

355 3451 450 3514 nandi
468 3464 522 3514 aut
542 3453 658 3536 gloriae
677 3454 780 3518 studio
800 3456 884 3519 bella
907 3469 1016 3542 gerant
1039 3457 1098 3545 (1).

353 3719 356 3726 ,
389 3671 426 3740 (i)
445 3673 476 3722 Ε.
497 3673 522 3726 d,
541 3671 569 3721 L.
589 3674 619 3724 X.
636 3677 663 3724 2.
682 3678 744 3725 Huic
760 3690 923 3736 lourusomvu
940 3687 1071 3734 seriteutiae
1088 3685 1224 3735 adversatur
1240 3692 1343 3752 raray*

352 3760 455 3817 mus'ad
472 3765 522 3817 l.c.
540 3785 564 3815 n.
583 3784 620 3829 ca,
639 3767 738 3818 laudans
753 3770 906 3839 opusculum,
931 3774 984 3825 ΙἜ.
1001 3779 1025 3826 rt.
1043 3780 1074 3826 L.
1104 3782 1303 3844 quiottssoncib,
1321 3782 1342 3844 1,

354 3875 407 3924 pag.
426 3861 486 3925 ²97,
498 3858 541 3908 ubi
557 3861 734 3927 proponebatur
751 3864 845 3938 regula,
865 3877 909 3915 »ut
925 3866 984 3917 belli
1002 3870 1110 3919 offensui
1125 3873 1223 3935 justitia
1240 3871 1304 3922 clare
1316 3883 1341 3919 et

355 3952 481 3998 manifeste
498 3962 594 4017 pateat,
612 3971 641 4002 ne
668 3953 786 4004 dubitatio
812 3956 841 4005 de
858 3957 929 4024 'sacto
953 3970 994 4009 aut
1007 3963 1064 4025 jure
1082 3964 1140 4012 oriri
1156 3961 1259 4028 possit.'’
1276 3953 1341 4011 ¹lior

351 4051 430 4089 autem
448 4042 528 4091 eddom
546 4044 623 4110 redit,
649 4058 720 4115 atque
738 4050 769 4098 u.
787 4052 896 4101 Auctoris
913 4053 1000 4121 rerba5
1028 4054 1066 4103 »le
1085 4055 1147 4105 droit
1162 4055 1190 4104 dr
1210 4056 1234 4122 la
1248 4072 1340 4130 ,guepre

350 4133 429 4181 ddrivo
449 4133 477 4182 do
494 4133 518 4179 la
536 4136 648 4185 necessita
663 4149 688 4185 ct
705 4140 737 4187 du
752 4143 821 4203 juste
837 4142 939 4207 rigide.'’

1337 4117 1342 4146 f
1425 4123 1426 4136 t
