2892 5042
790 509 852 572 192

774 732 865 780 xvrlr.

355 849 470 898 Bonorm
485 848 607 896 securitati
624 847 718 911 egregie
732 854 881 911 prospectum
897 855 933 893 eat
950 861 1010 894 noro
1028 843 1114 893 Codice
1131 845 1234 910 Belgim,
1255 847 1300 895 sub

321 942 367 990 lati
383 939 426 989 illt
442 937 583 1006 hypothesi,
601 952 662 1001 quae
685 953 714 984 es
735 938 790 999 jure
810 937 920 984 Isaurico
937 945 1020 1001 sponte
1038 935 1143 1000 praediis
1160 946 1268 985 tutorum
1285 949 1313 986 et

322 1034 458 1082 maritorum
476 1028 590 1078 inhorret.

782 1094 848 1143 xlx.

355 1212 435 1280 Ileque
447 1213 504 1277 jura
521 1211 640 1276 Irauoioo,
658 1226 736 1276 neque
753 1226 814 1259 noro
831 1207 937 1276 Belgioo,
956 1212 1062 1274 maritus,
1081 1219 1108 1258 ut
1125 1225 1224 1258 uxorem
1241 1220 1313 1274 coget

322 1304 353 1353 ad
367 1319 446 1352 aecum
461 1300 630 1365 habitandum,
648 1299 703 1348 eliis
719 1301 757 1349 uti
773 1309 851 1365 potest
868 1299 988 1359 remediis,
1006 1300 1051 1348 nisi
1064 1299 1184 1349 alimentis
1195 1298 1313 1364 negandis

269 1462 276 1481 x
323 1406 348 1444 et
363 1395 445 1444 liberis
460 1391 490 1443 ab
508 1395 557 1459 ipsi
573 1391 737 1457 seiungeudis.

787 1553 840 1600 XX.

358 1671 437 1717 Emtio
454 1666 561 1716 venditio
578 1669 691 1718 mercium
707 1685 736 1716 eo
754 1646 852 1718 corallio
866 1678 998 1733 eontracta,
1017 1678 1045 1716 ut
1061 1667 1171 1716 venditor
1187 1685 1312 1735 uunquam

324 1775 411 1808 meroes
434 1761 495 1824 ipsas
518 1768 636 1823 praestet,
663 1757 705 1806 sed
722 1759 838 1807 alteruter
860 1758 976 1808 liberetur
991 1758 1103 1808 solvendo
1120 1769 1204 1825 tanto,
1220 1771 1312 1828 quanto

321 1862 420 1901 auctum
443 1851 588 1899 minutnmve
609 1849 686 1898 luerit
701 1850 807 1915 pretium
823 1853 938 1900 mercium
955 1867 969 1899 a
986 1849 1025 1899 die
1042 1851 1185 1902 venditionis
1201 1852 1230 1902 ad
1246 1852 1314 1902 solu-

324 1945 397 1993 tiouia
414 1942 491 2004 dlem,
508 1941 668 1991 ooutraetilrus
683 1932 803 1992 dearoriis
819 1941 993 1992 adnumeranda
1010 1952 1055 1993 est.

785 2077 848 2126 m.

359 2191 384 2238 si
406 2204 450 2254 per
475 2187 605 2237 absenfiam
626 2191 699 2238 unius
715 2188 851 2254 pluriumve
868 2190 982 2240 heredum
999 2193 1096 2241 omissae
1112 2193 1205 2242 luerint
1222 2195 1314 2243 formae

324 2279 464 2330 hereditatis
480 2279 621 2329 diuidendae
637 2282 795 2344 praescriptae
812 2290 869 2330 artt.
886 2284 955 2332 nto
973 2281 1003 2331 ad
1021 2286 1101 2350 1124,
1119 2286 1146 2335 C.
1160 2286 1211 2333 Cir.
1230 2287 1256 2335 B.
1275 2296 1315 2333 ta-

327 2389 379 2421 men
396 2372 465 2419 irrita
481 2387 528 2418 nou
544 2372 593 2419 erit
610 2368 702 2418 divisio.

783 2440 857 2490 xxtt.

268 2606 277 2617 l
363 2555 475 2617 Quamvis
497 2550 619 2616 legislator
636 2554 688 2602 Art.
706 2555 770 2618 506,
788 2553 822 2603 al.
842 2557 874 2617 2,
899 2558 926 2604 C.
945 2557 996 2605 cir.
1014 2556 1079 2621 Belg.
1099 2559 1153 2621 ejus
1169 2559 1316 2608 mentionem

326 2664 374 2696 nou
391 2647 484 2710 lecerit,
501 2656 580 2693 tameu
597 2648 627 2710 is,
639 2647 678 2693 oui
692 2663 722 2694 ax
739 2647 812 2711 ipsius
828 2648 945 2712 petitione
962 2657 1054 2697 curator
1070 2647 1139 2697 datus
1153 2659 1203 2714 est,
1220 2667 1249 2697 eo
1267 2669 1318 2701 non

327 2736 438 2803 impediri
454 2735 564 2797 ridetur,
590 2738 715 2801 quominus
733 2754 827 2786 uxorem
845 2736 933 2804 ducat,
959 2737 1015 2788 dum
1032 2746 1112 2803 pareat
1135 2741 1175 2803 iis,
1194 2757 1255 2806 quae
1271 2744 1318 2808 jn·

327 2827 415 2878 beutur
429 2828 495 2878 Arre.
511 2829 546 2877 05
563 2835 588 2876 et
604 2830 664 2877 2⁰⁶.
697 2814 711 2841 ⁰
