2892 5042
344 687 481 770 aliosque
501 684 594 773 (inter
610 707 686 772 qum
706 684 822 748 eminet
839 705 942 759 naun,
966 683 1116 749 Venetiae
1135 679 1331 765 historiogra-

261 854 265 861 .
343 793 434 881 phus)
453 796 597 874 Francia,
630 797 684 882 qui
710 807 741 859 et
767 793 897 859 interius
926 793 1018 858 etiam
1047 792 1221 879 perspicere
1253 792 1330 855 enixi

343 918 415 969 eunt
444 909 631 991 populorum
658 929 762 971 seram
790 906 1018 982 conditionem,
1052 915 1082 968 et
1108 905 1243 968 maxime
1266 925 1329 966 sese

342 1018 520 1103 adplicudre
538 1019 634 1082 medii
652 1019 720 1082 aevi
737 1018 848 1095 studio,
865 1017 951 1104 quod
969 1040 988 1082 a
1014 1014 1168 1101 prioribus
1192 1013 1330 1098 philoso-
1421 1084 1422 1093 χ

342 1129 411 1216 phis
430 1152 465 1192 ex
490 1130 643 1194 industrii
663 1141 853 1194 contemtum
882 1151 946 1193 esse
967 1138 1129 1193 cernerent
1151 1125 1247 1213 (certe
1267 1148 1328 1189 non
1421 1114 1422 1129 ¹

343 1262 573 1315 uonrnsourvn
597 1237 765 1324 exemplo).
793 1243 872 1302 Tum
892 1259 983 1322 porro
1003 1237 1184 1301 narrationis
1195 1235 1329 1313 vividae,

342 1349 408 1414 imo
439 1350 627 1415 dramaticae
659 1361 689 1413 et
709 1347 899 1414 romanensis
918 1349 1071 1413 coloribus
1092 1369 1201 1412 ornare
1221 1368 1330 1430 coepe
1422 1402 1423 1413 ,

346 1471 431 1541 runt,
458 1482 579 1546 quaec
605 1461 755 1547 neglectis
778 1470 868 1525 antea
891 1458 1054 1523 annalibus
1072 1459 1260 1542 petiverant3
1284 1469 1331 1521 at-

342 1592 404 1656 que
424 1572 466 1635 ita
484 1573 614 1634 lectores
634 1572 760 1635 allicere
778 1569 875 1634 nostri
888 1571 956 1632 aeri
974 1569 1150 1632 auctoribus
1168 1568 1330 1652 proprium

341 1681 464 1742 videtur
485 1679 544 1765 (l).
590 1682 643 1740 llis
669 1681 788 1764 jungas
817 1680 945 1742 criticen
972 1678 1168 1742 audaciorem
1189 1691 1331 1742 ueterum

340 1789 489 1865 fontium,
513 1801 548 1852 nt
562 1789 685 1853 historia
705 1810 831 1875 quoque
843 1790 971 1874 antiqua
992 1790 1155 1854 restaurari
1177 1789 1330 1867 debuerit,

344 1901 407 1985 qui
436 1900 470 1963 in
499 1921 532 1964 re
558 1899 684 1967 nomina
713 1900 848 1965 maxime
879 1922 1063 1977 arsamum,
1094 1912 1328 1977 accerume,

344 2013 430 2077 clara
451 2023 539 2089 sunt,
562 2033 707 2097 quaeque
726 2013 862 2076 multum
883 2012 1000 2088 effecit,
1024 2022 1059 2074 ut
1077 2013 1241 2075 sentiretur
1255 2013 1332 2075 unim

343 2142 429 2185 verse
449 2132 602 2206 quantum
623 2123 783 2187 doctrinae
801 2125 1012 2208 requireretur
1030 2123 1135 2186 adres
1152 2135 1251 2209 gestas
1272 2124 1331 2188 rite

342 2230 456 2313 scripto
472 2231 656 2295 condendas.

279 2348 282 2354 “
386 2343 446 2405 Hic
472 2343 571 2429 igitur
589 2343 834 2424 subsistendum
863 2368 923 2410 nec
950 2357 1026 2430 puto
1048 2357 1215 2431 angustum
1237 2345 1331 2408 nimis

342 2474 490 2539 eampum
519 2476 571 2517 me
600 2477 829 2534 nouamourvn
858 2457 1003 2522 laudibus
1029 2457 1217 2543 adsignasse,
1244 2457 1329 2542 quod

341 2565 382 2629 ad
395 2564 552 2632 historiam
570 2569 803 2655 pragmaticam.
834 2569 914 2647 lam,
936 2590 1016 2654 quae
1036 2568 1154 2632 diverso
1174 2569 1268 2652 plane
1281 2590 1329 2631 re·

340 2690 449 2762 spectu
468 2679 503 2744 in
523 2677 668 2746 historici
685 2680 848 2764 disciplina
867 2681 1067 2763 praestiterit,
1087 2678 1258 2743 videamus.

394 2916 467 2995 §‘3.
511 2917 604 3003 Quid
621 2926 874 2997 uonrnso'mvms
891 2927 1053 3016 crepuerat
1071 2924 1112 2988 de
1131 2926 1279 2990 historici

496 3030 500 3037 ’
745 3031 925 3100 Eranam,

384 3228 479 3293 Aliud
496 3230 652 3295 enimvero
674 3243 719 3295 est
737 3230 896 3298 historiam
914 3233 984 3298 satis
1007 3233 1149 3298 universe
1168 3247 1273 3300 notam
1294 3247 1327 3300 et

339 3362 359 3402 a
377 3341 447 3403 viris
474 3341 572 3406 doctis
597 3343 782 3409 illustratam
807 3368 903 3422 noro,
937 3357 973 3408 ut
999 3346 1043 3409 ita
1070 3345 1187 3425 dicam,
1221 3348 1325 3412 colore
1426 3360 1427 3363 ’

339 3448 460 3532 tingere
482 3461 511 3511 et
530 3451 631 3515 vivido
650 3452 729 3537 stylo
750 3476 874 3532 ornare,
899 3466 952 3519 aut
973 3456 1155 3540 popularem
1173 3459 1271 3544 magis
1295 3469 1327 3524 et

339 3558 450 3621 utilem
467 3559 611 3641 reddere;
636 3563 721 3627 aliud
739 3565 849 3648 plane,
870 3569 1069 3631 controversis
1088 3568 1232 3636 historiae
1249 3572 1324 3637 locis

339 3673 444 3734 lucem
475 3671 635 3738 effundere
655 3685 685 3738 et
703 3677 844 3764 antiquos
866 3681 964 3744 fontes
990 3681 1097 3746 critical
1118 3693 1183 3746 arte
1203 3686 1324 3768 perlus-

340 3794 431 3850 trare.
475 3784 562 3850 Adeo
592 3785 707 3854 haecce
737 3790 855 3857 diversa
883 3803 971 3870 sunt,
1005 3804 1040 3856 ut
1072 3792 1181 3858 diversi
1205 3795 1324 3881 ingenii

372 4047 410 4114 (1)
428 4048 465 4098 Cl.
483 4052 552 4100 Mad.
571 4068 603 4102 ne
621 4069 712 4122 erras,
733 4058 763 4106 de
782 4056 955 4127 raramque,
974 4077 998 4126 p.
1010 4061 1049 4127 Π,
1068 4061 1135 4129 cbap.
1147 4064 1190 4114 29.
1211 4076 1324 4129 curules,

338 4155 377 4203 op.
395 4139 435 4187 cit.
452 4138 490 4189 ch,
508 4141 538 4205 V,
557 4157 612 4207 pag.
633 4146 776 4196 149-150.

1419 708 1421 815 l
