2892 5042
849 507 890 567 tt

420 688 606 774 Aequalium
622 698 707 774 gesta
721 684 808 751 arido
817 706 855 748 eo
864 686 944 771 stylo
952 683 1185 762 cancellariae,
1210 685 1270 770 qni
1286 682 1369 749 bodie

377 803 520 869 universe
546 801 749 886 reprobatur,
772 797 940 864 memoriae
968 796 1191 863 tradebantur.
1237 798 1304 862 Nee
1321 796 1369 861 soli

376 913 558 1001 elegantiae,
570 911 690 978 veritati
705 912 798 976 etiam
808 911 865 975 ista
880 910 958 977 ratio
968 910 1116 976 nocebat.
1141 910 1368 977 Gensuererant

313 1060 315 1074 ·
377 1028 461 1092 enim
482 1028 569 1093 actus
592 1024 772 1110 principum
796 1023 889 1089 etiam
907 1023 1135 1088 minutissimos
1163 1021 1366 1108 amplificare,

376 1162 435 1205 nec
457 1140 525 1204 aliis
551 1138 688 1203 sontibus
714 1139 881 1203 utebantur
900 1137 948 1202 isti
973 1138 1161 1223 scriptores,
1185 1137 1250 1201 nisi
1271 1133 1367 1205 odicllt

376 1263 407 1316 et
431 1251 552 1339 (paucis
574 1248 717 1335 numero)
749 1250 853 1315 diariis
876 1250 1084 1337 officialibus.
1130 1249 1255 1314 Omnia
1281 1246 1366 1333 igitur

378 1361 557 1449 quaedum
582 1360 805 1451 plerorumque
825 1359 1014 1445 regiminum
1034 1360 1114 1425 ratio
1135 1360 1177 1424 iis
1194 1360 1309 1424 diebus
1326 1376 1367 1421 ar·

378 1496 456 1541 carro
478 1484 614 1561 tegeret,
639 1494 696 1558 per
716 1473 859 1537 servilem
880 1471 1099 1537 historicorum
1123 1473 1291 1538 calamum
1306 1489 1366 1553 pne·

378 1590 450 1653 teris
475 1589 567 1654 etiam
590 1588 843 1654 subducebantur
862 1584 919 1672 (1).
957 1585 1116 1670 Imprimis
1146 1586 1183 1649 in
1207 1579 1367 1651 Gennanii

377 1722 467 1763 verae
496 1711 673 1782 temporum
695 1697 866 1782 cognitioni
898 1696 997 1760 obluit
1029 1696 1109 1761 illud
1132 1699 1285 1774 malum,
1309 1714 1365 1757 non

377 1809 462 1896 quod
475 1809 506 1874 in
522 1809 651 1875 Francia
671 1808 800 1873 liberius
819 1807 931 1893 scripta
950 1807 1043 1872 suerit
1062 1807 1219 1887 historia,
1246 1807 1300 1873 sed
1321 1807 1366 1869 in-

379 1923 503 1987 numeri
526 1921 774 1988 Memorabilium
804 1921 919 1998 libelli,
952 1921 1014 1985 alio
1040 1923 1188 2007 quamvis
1215 1919 1365 2007 proposito

377 2036 516 2113 conditi,
536 2057 759 2101 rerumrerum
776 2034 984 2100 conditionem
995 2033 1254 2120 ibidetegebant.
1282 2027 1364 2113 Quod

376 2149 416 2212 arl
434 2158 570 2210 veterem
588 2146 748 2209 historiam
759 2144 894 2221 adtinet,
915 2145 1063 2231 quoniam
1077 2145 1152 2209 boni
1173 2147 1363 2232 qucumque

266 2250 269 2259 ’
376 2259 542 2342 scriptores
562 2259 636 2321 crim
658 2256 795 2341 antiqui,
815 2260 883 2320 talm
903 2258 1089 2321 recentiores
1113 2259 1270 2344 (exceptis
1291 2275 1362 2340 pau·

377 2371 421 2436 eis
434 2368 530 2454 Italis)
552 2369 660 2433 Latini
680 2369 789 2454 lingui
810 2370 860 2433 rel
877 2369 996 2434 Graecia
1015 2357 1205 2449 usiessem,
1225 2373 1261 2435 in
1282 2366 1361 2433 sclao

376 2484 414 2548 lis
434 2485 555 2548 tantum
574 2480 637 2567 legi
658 2492 690 2545 et
710 2459 858 2564 eiplicori
875 2481 1010 2560 soluere3
1032 2486 1193 2561 caetertlm
1211 2485 1263 2547 vix
1280 2483 1360 2567 lege*

375 2597 504 2675 bantur3
530 2614 624 2659 nemo
644 2593 738 2671 etiam
759 2615 851 2657 ansus
872 2614 981 2658 eorum
1000 2593 1127 2681 vestigia
1145 2617 1306 2680 premere.
1323 2626 1360 2640 ·-
1408 2634 1409 2713 p

302 2782 307 2788 ,
376 2708 526 2774 Historiae
546 2707 694 2792 antiquae
723 2707 934 2792 cognitionem
957 2706 1122 2771 extendere
1143 2708 1232 2772 ultra
1252 2702 1358 2771 latini·

376 2830 479 2882 nantes
501 2840 766 2901 supervacaneum
795 2818 982 2897 habebatur3
1014 2820 1136 2905 itaque,
1169 2822 1259 2907 quod
1284 2826 1358 2885 certe

375 2929 510 3005 mirum,
527 2928 574 2990 illi
595 2928 750 2994 scribendi
771 2929 882 3013 generi,
897 2951 990 2995 nemo
1009 2954 1041 2995 se
1062 2932 1216 3015 adplicuit
1238 2950 1357 3001 eornm,

377 3041 433 3126 qui
453 3062 527 3106 aevo
546 3063 698 3107 nunorrcr
718 3042 792 3109 XIV
808 3065 919 3107 aureae
938 3046 1044 3108 aetatis
1069 3067 1184 3110 nomen
1202 3045 1356 3114 meruere,

375 3154 659 3240 exceptantem,
681 3155 772 3239 cujus
791 3156 922 3220 Historia
932 3157 1145 3222 Ecclesiastica
1164 3157 1258 3222 laurle
1269 3156 1377 3241 digna

376 3267 523 3347 babetur,
544 3279 575 3334 et
595 3269 706 3334 abbate
725 3291 878 3335 aaaron„
1404 3250 1406 3361 l

420 3382 558 3446 Tandem
586 3383 620 3445 in
654 3382 768 3467 Anglii
796 3382 934 3464 primrlm
971 3379 1163 3447 literatorum
1191 3378 1356 3466 collegium
1404 3456 1405 3463 ἵ

376 3494 563 3556 immensum
583 3514 661 3576 opus
683 3492 834 3577 suscepit,
865 3495 1051 3558 Universalis
1071 3496 1224 3561 Historiae
1244 3487 1354 3582 compi·

274 3676 283 3689 x
324 3642 329 3652 ·
374 3602 501 3680 landae,
532 3603 650 3669 scilicet
677 3615 714 3668 ut
739 3605 864 3670 cultiori
885 3605 1024 3669 societati
1053 3606 1162 3693 lingui
1191 3597 1372 3671 vernaculal‘

375 3715 521 3781 offerrent
548 3739 768 3805 quaecumque
790 3716 967 3782 scholarum
995 3716 1146 3783 industria
1174 3718 1351 3804 collegisset·

374 3830 486 3911 Nullus
508 3840 614 3894 autem
643 3831 676 3894 in
706 3854 743 3896 eo
773 3851 866 3914 opere
897 3802 1035 3895 cernitur
1062 3830 1201 3894 delectus
1234 3846 1349 3899 rerum,

254 4012 261 4021 ,
375 3943 462 4008 nulla
480 3945 648 4032 elegantia3
671 3944 710 4009 de
735 3944 827 4009 rebus
848 3941 991 4006 futilibus
1017 3942 1128 4030 longae
1154 3943 1351 4009 instituuntur

406 4184 444 4254 (1)
462 4188 603 4253 sermome,
622 4190 648 4251 t,
666 4205 720 4257 pag.
739 4195 791 4241 21⁰
809 4196 844 4258 ag.
864 4203 888 4241 et
905 4194 1031 4258 pascimin
1050 4194 1119 4242 notis.
