2892 5042
592 525 733 608 so'

597 788 633 854 Β.

149 944 200 1008 De
218 948 408 1033 aequastis
423 946 690 1038 judiciisque
707 950 836 1013 maximi
851 949 931 1014 adeo
948 951 1101 1015 merenti

99 1045 246 1121 suntin
275 1057 406 1144 Anglii,
430 1069 462 1122 et
477 1079 576 1143 pauca
596 1070 627 1123 et
653 1082 690 1124 ea
712 1062 824 1145 partlm
850 1073 999 1129 accurata
1024 1047 1120 1147 pro·'

100 1168 190 1234 tulit.
228 1168 316 1233 Dicit
339 1169 423 1233 enim
443 1170 465 1234 l.
485 1191 513 1234 c.
542 1169 581 1233 ad
604 1170 682 1256 legis
701 1170 838 1257 rigorem
855 1172 1104 1249 moderandum,
1182 1205 1185 1214 =

99 1301 139 1341 ex
157 1290 258 1345 coetu
278 1280 408 1366 legifero
427 1281 579 1366 quosdam
599 1281 633 1346 in
647 1283 801 1347 tribunal
813 1284 995 1361 convenire,
1016 1284 1107 1368 quod

98 1412 168 1455 non
200 1392 249 1456 ita
277 1392 378 1457 verbis
410 1392 488 1478 legis
515 1391 743 1479 adstringatur,
773 1416 811 1459 uc
836 1394 951 1478 reliqui
967 1394 1101 1478 jndices.

98 1501 164 1567 Vix
183 1501 278 1591 aliud
297 1504 432 1568 voluisse
449 1503 495 1566 ibi
514 1514 631 1587 potest,
653 1524 751 1588 quam
765 1508 895 1598 cuneos
910 1510 1107 1593 matri..

97 1615 229 1681 Verium
253 1613 355 1677 solent
383 1613 512 1700 quidem
544 1614 700 1702 litigantes
729 1615 806 1681 dicis
834 1609 924 1682 edred
954 1615 996 1680 de
1019 1617 1106 1705 legia

100 1724 289 1791 communis
306 1725 430 1791 deiectu
447 1728 559 1811 queri,
579 1727 701 1813 quoties
716 1726 757 1793 ed
776 1749 847 1794 earn
867 1730 986 1794 cunam
1008 1751 1104 1796 eausa

98 1840 267 1926 defertur,
298 1838 353 1904 sed
376 1839 482 1903 reveri
501 1841 639 1923 practica
662 1839 746 1904 illius
765 1840 886 1906 utilitas
903 1852 973 1924 est,
996 1864 1038 1906 nc
1056 1843 1104 1907 ob

98 1975 199 2039 parva
214 1952 336 2016 formae
356 1952 431 2016 vitia
449 1952 542 2015 causi
561 1951 673 2016 cadant
689 1952 865 2038 litigantes,
887 1973 981 2036 porro
998 1963 1035 2015 ut
1050 1973 1100 2015 ros

97 2067 287 2139 minorum,
321 2060 527 2146 hospitiorum
565 2072 596 2125 et
627 2063 797 2139 similium,
826 2061 959 2127 faciliori
986 2061 1099 2140 modo,

99 2187 262 2265 gerantur
284 2174 343 2264 (1).
376 2173 457 2238 llale
482 2175 576 2239 etiam
596 2195 667 2239 eam
687 2185 829 2240 constare
847 2173 994 2260 perhibet
1011 2174 1100 2240 dele·
1172 2167 1174 2180 ’

100 2290 185 2377 gatis
210 2311 250 2353 ex
277 2297 368 2352 coetu
389 2285 535 2373 legifero,
559 2306 661 2371 quum
680 2296 791 2350 notum
812 2287 867 2364 sit,
888 2287 922 2351 in
944 2286 1032 2351 eurid
1047 2309 1101 2352 ae·

50 2481 54 2486 .
100 2400 252 2489 quitatis,
271 2398 465 2468 ‚femellario
481 2397 614 2463 assidere
628 2409 762 2484 quatuor
781 2398 903 2483 judices
925 2399 1102 2468 ordinariae

100 2516 229 2581 curiae
250 2509 418 2577 soaocbarii
449 2509 555 2596 (omont
590 2510 632 2596 ⁰s
663 2510 721 2574 ete
759 2507 954 2597 enoheqoor)
993 2510 1102 2575 addito

100 2634 278 2711 quaestore
303 2621 362 2710 (2).
403 2659 405 2665 .
919 2633 922 2638 ·
1012 2645 1021 2652 ·
1084 2668 1089 2677 .

148 2737 213 2806 Vix
236 2733 386 2802 credibile
403 2745 463 2830 est,
486 2732 546 2800 boo
569 2754 834 2812 normomrruu
856 2733 990 2798 latuisse.
1024 2734 1100 2798 Utut

50 2871 61 2880 ⁸
103 2861 167 2928 est,
198 2870 236 2934 ex
265 2847 355 2913 dietis
383 2848 545 2932 apparuit,
567 2847 745 2933 complures
771 2846 865 2912 fuisso
890 2866 1015 2922 causus,
1040 2867 1100 2910 our

102 2961 346 3050 magnifaceret
374 2959 650 3052 leges,Anglioas,
673 2982 733 3025 nec
758 2961 870 3045 partlm
893 2958 1008 3025 laboris
1025 2980 1103 3024 euno

104 3072 301 3160 impendisse
327 3073 364 3135 iis
388 3072 622 3158 cognoscendis.

574 3266 630 3332 ΠΙ.

152 3409 250 3471 Porro
272 3403 440 3470 efficaciam
459 3401 634 3467 describere
655 3411 783 3466 conatus
809 3410 871 3478 est,
896 3420 992 3485 quam
1014 3400 1103 3487 leges

105 3522 142 3586 in
158 3541 260 3586 mores
280 3528 312 3581 et
335 3516 474 3582 indolem
492 3515 601 3602 populi
622 3514 749 3602 Anglici
770 3512 937 3603 baberent,
962 3534 1097 3599 qnorum

106 3655 173 3699 non
198 3634 243 3700 ita
269 3630 309 3695 ab
335 3631 421 3693 omni
446 3638 535 3716 parte
556 3629 751 3695 laudatorem
781 3651 813 3694 se
836 3625 1016 3714 praestitit‚'
1032 3627 1104 3711 ipse,

108 3746 285 3820 confessus,
314 3744 421 3830 legum
448 3741 652 3834 praestantiae
685 3740 764 3808 nibil
792 3739 951 3826 derogari,
977 3737 1098 3801 etiamsi

77 4065 81 4074 .
144 4026 462 4093 (suessoniensem,
481 4026 570 4073 (bum
588 4025 635 4073 lll.
653 4022 1094 4088 c.4‚psg.4bsqq.;e.27,p.427
1119 4094 1123 4102 ι

110 4133 162 4186 sqq.
179 4126 205 4166 et
222 4116 289 4177 440,
307 4117 362 4165 neti
377 4130 407 4178 x,
425 4114 507 4181 ibique
525 4125 647 4161 mnus
662 4113 738 4162 letus.

144 4208 180 4272 (ὃ)
197 4207 318 4274 nauus,
338 4206 425 4257 cmc
445 4207 473 4256 t.
483 4207 505 4268 1,
523 4222 545 4256 c.
559 4205 580 4254 X
596 4206 633 4274 (v.
645 4206 670 4271 1,
687 4220 744 4273 pag.
757 4204 827 4275 1⁰8).
