2892 5042
482 531 486 539 .
559 462 667 555 '109

143 689 247 755 quum
260 667 422 747 interfecte
441 686 657 730 annunciarem
678 666 847 748 imperium
867 652 1038 752 capesseret
1058 692 1133 736 cm.
1155 666 1163 681 ”

145 803 258 846 rmus
285 780 332 856 H,
358 802 386 843 a.
408 782 489 857 6133
514 777 611 864 idque
630 779 670 841 ob
689 777 744 842 has
773 780 923 844 rationes:
948 783 1132 849 Promotus

143 893 229 956 illius
256 892 382 977 reginae
405 891 547 954 minister
563 912 706 974 proceres
726 889 878 975 spoliabat
898 904 933 959 ut
953 893 1063 958 fiscum
1079 896 1132 958 lo·

142 1003 329 1088 cupletaret3
353 1004 503 1066 exercitus
524 1003 715 1088 Francorum
738 1025 802 1067 non
822 1006 934 1069 restitit
952 1028 1131 1083 moriam,

77 1124 83 1131 “
142 1106 198 1203 qui
219 1138 289 1180 eam
307 1116 458 1201 supplicio
477 1112 656 1192 mandaret;
680 1115 776 1199 paulo
797 1128 867 1200 post
888 1117 1030 1183 lendium
1051 1141 1132 1184 unus

142 1248 397 1293 uanraenaams
412 1248 527 1290 munus
546 1226 690 1313 majoris
710 1226 941 1315 Burgundiae
960 1253 979 1294 a
997 1252 1071 1316 rege
1091 1231 1131 1296 ad
1195 1271 1201 1277 -

142 1341 238 1403 vitam
252 1340 390 1423 accepit,
416 1336 500 1422 quod
518 1332 660 1421 exemplo
679 1339 815 1404 carebat.
839 1342 956 1427 ltaque
975 1367 994 1406 a
1013 1342 1133 1416 fortiori

143 1449 383 1515 existimandum
400 1459 455 1525 est,
473 1447 608 1533 reliquos
619 1449 727 1511 leudes
738 1452 914 1532 praemium
927 1454 1035 1539 auxilii
1044 1475 1134 1537 prae-

143 1564 207 1627 stiti
231 1563 406 1646 poposcisse
422 1584 446 1625 a
475 1582 637 1636 cnoranro
665 1560 832 1625 feudorum
867 1563 1133 1630 confirmationem

143 1675 255 1739 sibiet
287 1673 452 1737 heredibus
468 1670 524 1761 (1).
555 1674 664 1758 Neque
695 1672 749 1738 hic
774 1668 913 1739 subsistit
939 1650 1133 1763 conjecturas

137 1786 286 1853 ‘faciendo
306 1798 435 1851 acutum
458 1798 488 1850 et
509 1786 599 1849 velox
622 1808 851 1864 uonrnsonrvn
870 1790 1045 1875 ingenium.
1068 1792 1134 1855 No-

142 1924 218 1965 vum
236 1900 402 1965 feudorum
424 1922 521 1987 genus
545 1911 686 1963 creatum
707 1901 824 1977 cernit,
851 1912 1021 1986 antequam
1042 1903 1134 1967 Garo-

142 2016 301 2103 lingorum
330 2016 421 2099 stirps
450 2035 585 2099 regnum
619 2022 808 2098 capesseret,
840 2034 920 2098 quae
940 2035 959 2077 a
977 2014 1134 2100 plerisque
1182 2082 1185 2090 ,

144 2127 341 2193 decessorum
363 2126 523 2214 designata
538 2127 640 2201 fuerat
657 2124 775 2210 epocha
794 2126 932 2191 instituti,
950 2128 1043 2192 totius
1060 2150 1133 2214 sys-

144 2242 266 2311 tematis
286 2241 428 2305 feudalis,
459 2242 543 2305 Haec
561 2240 649 2327 nobis
670 2240 709 2301 sit
730 2237 822 2303 thesis
1145 2232 1151 2243 ’

188 2355 241 2426 Vt.
285 2351 440 2439 Majores
466 2351 614 2428 Domata,
638 2359 829 2438 postquam,
865 2351 941 2415 riade
969 2377 992 2416 a
1029 2373 1134 2416 rrrmo

145 2458 297 2529 murensi
324 2465 365 2529 de'
391 2465 535 2529 leodium
566 2467 673 2527 terrie
687 2484 758 2549 pro
786 2464 930 2526 arbitrio
950 2463 1135 2551 disposuis-

145 2585 235 2653 sent,
273 2596 414 2639 canonos
449 2593 633 2638 ornaremus
661 2595 746 2636 nova
773 2574 951 2637 intendes
982 2575 1136 2659 benficia

145 2688 286 2755 contulit
310 2710 328 2751 e
353 2690 515 2753 revocatis
547 2685 793 2762 dortatz'onidue,
812 2708 910 2772 ‚quas
941 2670 1037 2774 reges
1056 2687 1135 2751 olim

144 2802 297 2873 ¹ecclesiis
315 2801 484 2887 ficerunt.
528 2798 685 2863 immensa
704 2796 864 2862 doctrinae
885 2799 975 2883 copia
993 2800 1136 2885 probarit

145 2916 184 2980 N.
208 2916 245 2979 A.
276 2913 383 2977 revera
407 2911 446 2976 de
471 2912 526 2976 tali
555 2902 755 2976 conversione
784 2911 852 2995 agi,
882 2911 1077 2997 ubicumque
1101 2913 1135 2975 in

145 3026 301 3093 chronicis
327 3038 358 3089 et
387 3027 463 3090 actis
487 3024 698 3089 conciliorum
725 3023 842 3107 legitur
861 3024 1009 3113 ecclesiae
1029 3024 1135 3089 odium

143 3121 313 3205 incurrisse
340 3159 481 3227 caenum
505 3156 707 3218 maroneum
742 3143 839 3217 atque
867 3155 903 3196 ex
930 3134 990 3198 hoe
1019 3136 1134 3219 placito

146 3272 342 3339 progressus,
375 3248 599 3332 superstitionis
629 3256 659 3308 et
683 3246 800 3307 nimiae
823 3244 1037 3330 indulgentiae
1061 3267 1134 3331 erga

144 3363 279 3428 elericos
297 3361 461 3445 vituperio
486 3356 667 3423 vindicavit
687 3356 850 3419 donatores
883 3356 1047 3421 munificos
1077 3378 1134 3422 ec·
1190 3418 1206 3437 ,

145 3475 261 3549 ¹clesiae
293 3494 425 3537 emman
454 3492 561 3557 regem
594 3481 624 3533 et
652 3491 804 3534 canonum
832 3491 984 3549 nannung
1018 3471 1134 3558 quippe

149 3588 207 3676 qui
232 3586 412 3651 indemnem
437 3594 592 3670 praestare
618 3582 770 3651 deberent
792 3584 911 3648 clerum
926 3585 1015 3649 bonis
1032 3585 1133 3670 priva-

149 3714 219 3771 tum
232 3698 291 3789 (2)
314 3701 359 3764 Εὸ
372 3719 471 3785 usque
486 3696 614 3784 proprio
633 3697 757 3760 tramite
772 3707 983 3781 processerant
1002 3693 1135 3763 feudalia

147 3846 152 3853 ·
183 3874 557 3944 (1)E.d.L.fflt.1,7.
597 3875 630 3922 De
650 3866 828 3938 magistratibus
852 3871 897 3931 iis,
924 3850 1042 3932 quantum
1064 3869 1135 3918 initio

150 3969 276 4020 differrent
293 3986 313 4018 a
325 3966 416 4033 feudis,
440 3974 522 4032 postte
545 3981 606 4013 saec.
625 3966 678 4011 11⁰.
697 3965 756 4011 item
774 3958 845 4007 feuda
863 3960 981 4007 evaserint
997 3976 1021 4009 v.
1036 3974 1136 4011 Bann-

150 4040 223 4124 ιυίι,
240 4062 267 4125 1,
285 4074 340 4125 pag.
358 4052 420 4122 tor,
439 4058 503 4118 roo,
521 4056 582 4104 eoo.

185 4151 224 4221 (²)
243 4151 274 4201 Β.
289 4152 312 4204 d.
328 4148 355 4198 L.
373 4149 456 4200 XXXI.
474 4148 576 4208 0-15,
596 4147 636 4195 19.
655 4148 704 4196 Lea
718 4144 835 4209 eripiare
852 4153 898 4197 ete.
915 4144 945 4206 V,
964 4143 1002 4197 cb.
1018 4146 1044 4199 d.
1071 4144 1136 4204 Quae
