2892 5042
623 480 642 540 9

137 661 314 737 bominem,
328 661 475 745 quamvis·
483 658 667 743 perspicacis
680 658 718 720 sit
731 657 866 742 ingenii,
883 667 999 722 tantam
1012 638 1121 724 seriem

139 762 309 836 crentuum
327 793 391 834 non
409 771 496 855 prius
515 770 692 834 auditorum
714 766 912 853 praevidere,
936 780 1053 854 quanta
1075 771 1122 833 lo·

138 904 213 946 cum
231 881 346 946 babere
365 882 489 959 debuit,
513 891 550 945 ut
569 884 693 965 Europa
711 879 866 963 ejusmodi
885 881 1121 945 constitutiones

136 978 300 1077 acciperet.
331 995 372 1056 At
392 993 470 1057 votis
484 995 564 1058 forte
587 995 623 1056 eb
643 991 792 1073 tetendit,
816 991 891 1055 licet
914 1014 978 1056 non
997 993 1122 1077 praevi-

136 1104 224 1168 deret
244 1126 430 1170 successum.
473 1106 648 1185 Quominus
668 1103 711 1168 ita
733 1102 941 1167 existimemus
964 1114 1047 1168 vetat
1066 1127 1121 1169 ea·

136 1214 208 1279 dem
227 1217 291 1293 illa,
307 1238 407 1302 quam
415 1216 650 1293 observavimus,
667 1215 840 1280 reverentia
854 1214 1066 1279 institutorum
1075 1215 1122 1278 sui

136 1328 212 1392 aevi.
241 1329 388 1394 Versatus
400 1329 501 1392 fuerat
519 1349 773 1404 nonrusousvrus
793 1348 915 1415 semper
934 1327 969 1390 in
988 1349 1122 1413 cognos-

137 1438 243 1503 cendis
264 1449 295 1501 et
318 1438 530 1521 comparandis
555 1438 677 1523 legibus
698 1448 729 1500 et
753 1437 846 1499 rebus
867 1438 959 1523 gestis
979 1438 1121 1523 antiqua-

20 1555 24 1560 ’
136 1571 209 1613 rum
226 1560 263 1627 et
287 1550 511 1629 recentiorum
526 1549 686 1635 gentium,
715 1547 771 1632 ubi
793 1546 872 1612 nibil
897 1560 1019 1612 nostrae
1038 1561 1121 1613 aeta·

137 1662 175 1723 tis
203 1660 302 1724 simile
325 1661 488 1727 inveniret.
537 1659 748 1725 Monarchiam
778 1660 833 1725 diu
864 1661 1006 1727 stabilitis
1040 1662 1122 1749 legi-

135 1773 212 1850 bus,
239 1772 394 1851 mon'bus,
425 1773 571 1838 institutis
599 1772 758 1851 locorum,
790 1774 958 1861 privilegiis
988 1775 1119 1855 fultam,

56 1879 62 1885 ’
137 1884 341 1970 collegiorum
371 1887 570 1972 quorundam
600 1886 784 1950 auctoritate
817 1896 1020 1969 temperatam
1050 1897 1123 1950 ante

137 1996 242 2061 oculos
267 1994 419 2074 bibebat,
443 2007 474 2060 et
497 1997 570 2059 verb
592 1995 747 2059 laudabat.
780 1995 828 2058 De
846 1994 916 2081 lege
935 1996 1121 2060 fundamen-

136 2107 209 2184 tali,
234 2128 314 2192 quae
333 2108 442 2193 spretis
458 2106 649 2194 antiquitatis
666 2105 813 2191 exemplis
831 2130 868 2172 ac
888 2106 1119 2187 traditionibus,

39 2292 40 2295 Ἴ
138 2242 245 2284 omnes
262 2220 481 2306 imperantium
501 2231 533 2284 et
551 2220 667 2284 civium
684 2230 810 2284 mutuas
823 2219 1002 2298 relationes,
1020 2214 1133 2307 quan-⁵

136 2316 205 2396 tdm
223 2332 291 2396 fieri
309 2332 419 2417 possit,
446 2332 526 2415 juris
550 2331 729 2396 universalis
746 2332 867 2415 placitis
890 2332 993 2397 denuo
1014 2356 1122 2419 super-

137 2455 283 2520 strueret,
301 2443 341 2506 de
351 2444 462 2527 codice
472 2444 616 2530 politico
630 2442 690 2529 (uti
699 2444 810 2507 Franci
821 2442 959 2530 dicunt),
976 2469 1016 2509 ne
1035 2470 1120 2512 sem-

137 2555 233 2618 niavit
256 2552 394 2637 quidem.
427 2553 540 2616 Omnia
554 2553 647 2629 adeo,
671 2574 753 2637 quae
771 2552 896 2630 laudat,
910 2557 1124 2620 recentiorum·

136 2666 264 2752 politica
280 2665 433 2742 instituta,
457 2666 502 2728 sic
516 2663 752 2751 esingularibus
773 2664 913 2750 legibus,
930 2667 1037 2750 priscis
1053 2690 1121 2732 mo-

137 2779 223 2842 ribus
242 2779 291 2841 vel
311 2778 377 2841 aeri
400 2777 564 2867 traditione
585 2776 762 2842 exstiterant
785 2772 844 2864 (1).

182 2889 333 2954 Universe
359 2890 614 2955 constitutionum
637 2889 766 2954 illarum
787 2886 976 2954 desiderium
995 2890 1029 2954 in
1049 2915 1120 2959 mo-

138 3002 274 3081 narchiis
303 3026 339 3068 ea
363 3003 492 3069 demum
512 3005 709 3082 manifestant
732 3001 845 3088 scripta
873 3005 1029 3088 politica,·
1040 3030 1126 3095 quae

136 3125 208 3198 post
228 3135 334 3177 rerum
353 3116 586 3179 conversionem
601 3115 819 3181 Americanam
832 3115 993 3197 prodiere,
1018 3119 1122 3207 qualia

140 3224 264 3290 condita
291 3236 397 3288 sunta
420 3225 622 3310 popularibus
642 3224 792 3307 poiiticis,
816 3244 975 3301 murus,
999 3247 1121 3303 sirius,

139 3357 261 3412 rurus,
285 3335 352 3399 aliis
380 3333 439 3426 (2)
471 3336 557 3399 Haec
576 3345 681 3399 autem
702 3335 783 3400 infra
807 3356 867 3397 usu
883 3335 1017 3403 venient.
1053 3339 1122 3403 Jam

174 3571 214 3639 (l)
232 3575 266 3622 tt.
286 3573 310 3621 d.
327 3576 358 3623 t.
375 3562 458 3634 11.'4,
475 3571 559 3638 ibique
575 3568 723 3643 Anonymi
741 3569 797 3619 noti
811 3567 831 3636 s
845 3580 871 3621 et
881 3588 913 3637 9;
931 3572 973 3623 xl.
990 3573 1019 3639 ῦς
1037 3573 1123 3627 XXVI.

139 3667 189 3730 2³3
217 3666 276 3713 »Les
299 3652 403 3712 hommes
422 3666 531 3713 tiennent
554 3663 770 3729 prodigieusernent
790 3665 804 3711 d
824 3661 889 3711 leurs
914 3663 964 3712 loix
983 3669 1038 3713 ott
1059 3666 1125 3714 leurs
1173 3648 1181 3656 ’

141 3767 274 3822 coutumes;
294 3754 351 3804 elles
368 3757 421 3804 sont
437 3755 460 3804 la
476 3755 568 3805 retient
587 3753 616 3803 de
628 3753 718 3820 chaque
737 3756 833 3819 nation3
851 3764 876 3801 et
887 3755 906 3802 it
917 3765 953 3802 est
970 3770 1035 3817 rare,
1051 3752 1124 3818 qu’on
1168 3788 1170 3795 ›

139 3850 175 3898 les
194 3849 283 3913 change
305 3864 356 3899 sans
378 3846 407 3895 de
430 3847 529 3910 grandes
551 3861 666 3895 accounts
682 3853 708 3892 et
722 3859 775 3892 saus
795 3860 842 3892 une
864 3844 952 3907 manda
972 3833 1126 3895 effutiendo

139 3938 222 4004 sanga

174 4027 213 4095 (2)
230 4030 281 4078 vos
303 4040 415 4092 nium,
445 4028 531 4077 Gesct.
562 4030 661 4088 Μαι,
688 4040 742 4090 pag.
760 4025 792 4073 to
817 4040 854 4089 sq.
885 4025 949 4074 Mirr
968 4039 1124 4097 astruite,

143 4124 243 4185 Society
262 4123 291 4169 ὑὶ
302 4123 414 4171 dentice
432 4117 540 4185 (Parisiis
558 4115 652 4182 18³7),
670 4134 692 4167 r.
709 4116 735 4179 1,
753 4133 790 4182 pr.
810 4133 840 4166 on
853 4119 968 4184 politica.
987 4132 1025 4172 ru.
1036 4134 1122 4185 iiiut,
