2892 5042
338 706 432 762 estex
453 697 491 758 iis
514 714 597 779 quae
614 690 692 758 dixit
712 690 736 754 1.
755 690 783 765 1,
802 709 870 771 cap.
888 690 909 751 3
928 707 972 749 m.
998 694 1028 747 et
1050 693 1126 746 extr.
1158 679 1248 744 bella
1267 678 1321 741 illa

337 807 509 873 recentium
528 805 713 870 societatum
728 800 853 886 propria
868 798 902 864 id
917 797 1072 871 efficiunt,
1095 804 1130 857 ut
1146 792 1324 877 complures

337 920 395 985 sibi
417 921 570 984 auxilium
589 918 723 982 ferentes
741 917 776 978 in
797 936 898 979 unum
917 932 1039 1001 corpus
1056 908 1185 974 morale
1203 907 1325 972 coeles·

337 1044 425 1111 eant,
450 1043 486 1096 ut
509 1035 543 1096 in
563 1030 694 1119 singulis
714 1027 915 1094 societatibus
938 1025 1039 1091 adsint
1057 1022 1224 1098 nonnulli,
1248 1022 1323 1107 qui-

336 1148 395 1212 bus
407 1145 521 1231 reliqui
536 1166 647 1230 parere
664 1142 815 1218 debeant,
841 1138 984 1215 tandem,
1003 1138 1204 1202 utds'tersne
1216 1137 1324 1198 soes‘e-

338 1268 423 1326 tates
433 1259 491 1324 sibi
502 1259 639 1322 invicem
649 1255 838 1321 adversariae
854 1276 919 1318 esse
929 1251 1098 1335 coeperint.
1116 1249 1234 1332 Corpus
1242 1247 1327 1310 illud

340 1373 457 1436 morale
480 1370 597 1435 ctne'tas
621 1380 682 1447 est,
712 1378 743 1433 et
773 1365 927 1433 sociorum
948 1366 1030 1429 inter
1055 1386 1088 1427 se
1105 1364 1180 1447 jura
1197 1361 1326 1450 legibus

340 1484 489 1550 civilibus
509 1492 679 1570 reguntur3
711 1480 775 1558 illi,
797 1480 911 1564 quibus
933 1476 1049 1570 reliqui
1067 1484 1194 1560 pererit,
1220 1476 1324 1562 inspe-

340 1607 455 1688 rnntes
475 1606 563 1672 sunt,
597 1606 627 1658 et
645 1594 719 1659 hine
733 1594 892 1682 potatione
911 1592 1023 1680 leges,⁸
1057 1589 1218 1653 societates
1246 1587 1325 1649 inter

339 1732 371 1775 se
388 1707 562 1783 discordes,
584 1715 703 1794 gentes
722 1705 871 1780 audiunt,
896 1702 980 1767 unde
990 1702 1054 1789 jus
1065 1704 1226 1790 gentium.
1257 1701 1325 1763 Sin-

320 1822 419 1908 gulis
438 1819 523 1883 bisce
541 1804 642 1882 tribus
662 1817 850 1892 rationibus,
879 1814 1020 1882 homines
1049 1814 1180 1879 subsunt
1201 1814 1325 1902 legibus
1436 1831 1437 1834 ’

339 1936 563 2010 necessanis;
588 1931 647 1996 hae
673 1932 759 1995 enim
781 1929 951 1996 extendunt
975 1951 1040 1996 sese
1065 1928 1105 1993 ud
1131 1949 1239 1994 ornnes
1257 1948 1328 1991 om-

341 2049 416 2116 nino
436 2051 541 2122 easds,
566 2047 621 2133 qui
641 2045 786 2109 exsistere
805 2055 945 2127 possunt.
986 2043 1104 2111 Verdm
1122 2041 1247 2107 eosdem
1268 2041 1329 2105 bo-

344 2161 445 2223 mines
481 2158 586 2242 inopia
616 2155 739 2233 docuit,
771 2155 948 2220 condendas
979 2155 1063 2242 leges
1094 2154 1259 2240 positivus,
1293 2165 1330 2217 ut

340 2270 563 2337 determinetur
582 2268 714 2344 civium,
737 2269 979 2351 imperantium,
1005 2268 1194 2353 populorum
1221 2277 1331 2331 mutus

343 2381 464 2461 relatio;
495 2402 628 2467 quarum
656 2381 780 2478 legumx
793 2380 923 2465 placita,
947 2381 971 2443 si
991 2381 1152 2447 dictaverit
1173 2392 1259 2445 reeta
1277 2402 1331 2445 ra-
1436 2421 1437 2438 r

340 2495 400 2573 tio,
421 2515 486 2559 non
506 2492 718 2578 discrepante
737 2493 860 2581 legibus
882 2494 1118 2562 universalibus.

387 2607 425 2673 ld
443 2607 469 2671 si
487 2630 550 2674 non
569 2628 675 2672 omnes
695 2606 918 2693 legumlatores
936 2616 1184 2692 consequantur,
1207 2606 1332 2672 enitun-

342 2734 395 2786 tur
420 2721 544 2800 saltem3
569 2741 678 2785 eorum
699 2721 807 2803 itaque
825 2741 950 2802 operam
972 2717 1110 2783 definivit
1132 2741 1333 2796 monument-
1434 2769 1436 2778 .

343 2854 431 2898 vros:
470 2842 608 2894 »rectam
642 2831 794 2893 rationem
827 2829 978 2912 hominis,
1012 2830 1202 2916 applicatam
1239 2832 1333 2895 rebus

344 2942 437 3024 hujus
453 2940 564 3004 mundi
581 2939 728 3027 regundis
737 2945 767 3019 ;’'
789 2953 819 3003 et
837 2943 898 3019 uit,
918 2944 1014 3028 siquis
1032 2945 1116 3031 leges
1135 2921 1338 3030 singulorum*

342 3053 532 3140 populorum
553 3053 713 3137 inspiciat,
733 3053 801 3117 fore
819 3065 855 3119 ut
880 3067 986 3121 cernat
1013 3057 1123 3122 ›tcastis
1141 3058 1331 3142 peculiares,

345 3167 459 3255 quibus
474 3168 582 3232 eadem
599 3168 654 3234 itta
664 3171 756 3233 ratio
767 3169 921 3254 applicata
936 3180 991 3234 aut
1001 3171 1188 3255 applicanda
1197 3170 1281 3259 sit”(
1306 3176 1332 3256 ).

345 3281 413 3360 Sic,
432 3292 525 3367 puto,
550 3282 752 3367 explicandus
770 3282 862 3347 Liber
882 3282 898 3347 Ι
926 3282 1042 3368 operis,
1061 3294 1097 3347 ut
1115 3283 1272 3349 dissensus
1292 3307 1335 3347 ne
1364 3324 1370 3329 -

304 3479 308 3490 ,
338 3394 425 3458 'adsit
443 3394 476 3457 in
494 3396 638 3462 Auctoris
658 3397 772 3460 verbis.
795 3396 903 3477 Quum
918 3408 1024 3461 autem
1036 3418 1100 3460 non
1119 3373 1241 3482 semper
1258 3419 1335 3461 roeo

346 3505 480 3566 maxirne
497 3503 608 3567 idonei
625 3526 699 3570 usus
718 3507 936 3584 suerit,'faeile
954 3508 1040 3574 hune
1057 3509 1173 3576 librum
1193 3513 1333 3597 legentes

380 3714 416 3782 (1)
435 3714 472 3763 ste
491 3730 528 3762 me
544 3715 660 3760 refutasse
678 3730 747 3779 spero
768 3719 895 3778 Anostyrm'
914 3716 1090 3784 dubitationes,
1115 3721 1145 3771 ad
1162 3713 1197 3771 Ε.
1216 3723 1242 3772 d.
1263 3723 1297 3773 L.
1311 3723 1333 3771 1.

347 3812 378 3876 3,
395 3828 423 3863 n,
440 3824 472 3874 35
500 3805 572 3854 »Plus
590 3805 658 3870 baut,
681 3804 715 3854 les
737 3804 787 3854 loix
805 3808 894 3856 etaient
918 3808 958 3858 des
982 3822 1104 3878 rapports,
1123 3813 1190 3862 ieila
1205 3813 1239 3862 loi
1257 3825 1293 3862 est
1310 3815 1335 3862 la

345 3905 422 3951 raison
446 3900 572 3964 humaine,
601 3896 635 3946 les
654 3897 702 3948 loix
723 3909 778 3948 seut
793 3898 834 3948 des
850 3917 888 3950 eas
904 3903 1070 3970 particulicrs3
1088 3908 1296 3972 eorrsequemmeut
1314 3905 1333 3953 il

343 3994 397 4042 faut
418 4010 463 4061 que
485 3993 509 4041 la
531 3994 609 4041 raison
626 3991 736 4040 bumaiue
757 3995 835 4042 soient
854 3992 895 4042 des
917 4006 1033 4062 rapports.
1064 3994 1141 4059 Qu’orr
1157 3996 1289 4045 debrouille
1307 4013 1333 4046 ee

345 4083 413 4131 cbaos
434 4081 558 4133 d’idtest’'
583 4083 620 4131 Cf.
641 4096 755 4149 cestren,
774 4087 825 4134 obs.
849 4103 895 4135 sur
917 4085 974 4139 ΙἘ.
996 4089 1021 4138 d.
1036 4090 1077 4152 L„
1104 4105 1160 4156 pag.
1178 4089 1212 4139 72
1236 4106 1273 4155 sq.
1292 4088 1333 4154 qui

246 4228 249 4232 ⁴
345 4173 406 4223 nibil
424 4173 454 4223 de
465 4176 541 4239 primo
557 4173 599 4221 illo
615 4157 676 4222 libro
688 4175 832 4225 intellexisse
853 4177 954 4229 videtur.
