2892 5042
811 492 853 552 36

341 720 360 804 §
386 726 414 782 3.
467 717 636 804 Quaedam
664 717 704 781 de
730 716 875 780 moribus
902 722 934 777 et
958 712 1166 803 opinionibus
1187 710 1333 800 receptas

481 833 602 919 priori
622 829 749 893 saeculi
772 828 822 894 18i
832 834 937 915 parte
957 828 992 888 in
1012 823 1175 890 Francia.

389 1007 600 1070 Rusticantem
627 1006 709 1089 jam,
737 1017 767 1069 et
789 1006 871 1069 inter
889 1004 1047 1087 optimates
1072 999 1256 1086 Aquitaniae
1280 999 1332 1059 vi·

345 1140 412 1193 ros,
434 1138 566 1182 munere
580 1120 764 1204 fungentem
780 1136 1044 1193 nouresourrrusr
1057 1112 1204 1189 vidimus;
1227 1110 1332 1183 irntat,

344 1238 381 1291 ut
398 1228 538 1292 animum
551 1228 760 1293 ‘advertamus
778 1227 817 1292 ad
841 1249 893 1303 ea,
917 1247 999 1311 quae
1019 1224 1092 1309 ipsi,
1114 1222 1191 1286 ilum
1209 1221 1333 1285 Parisiis
1375 1235 1381 1245 ⁴

345 1351 534 1414 moraretur,
557 1338 752 1422 potissimum
784 1337 824 1401 ob
855 1335 960 1401 oeulos
990 1335 1100 1400 cadere
1129 1333 1278 1399 debuere.

389 1449 532 1514 Celebres
546 1450 640 1514 etiam
650 1449 742 1513 bodie
753 1459 825 1512 sunt
836 1424 940 1514 coetds
949 1447 996 1509 illi
1005 1445 1142 1522 literarii,
1152 1465 1230 1531 quos
1240 1465 1333 1527 supra

346 1563 525 1637 memoravi,
536 1562 590 1624 ubi
603 1583 709 1624 omnes
717 1561 751 1635 ii,
763 1561 818 1646 qui
834 1561 928 1646 vulgb
942 1559 1069 1623 saeculi
1083 1556 1336 1646 lilipbilosoplei

244 1670 247 1677 ⁴
347 1680 506 1743 vocantur,
521 1670 685 1732 convenire
697 1668 831 1731 solerent
841 1666 896 1755 (l)
919 1668 1039 1732 Coenae
1052 1668 1096 1731 ibi
1104 1679 1276 1733 nocturnae
1286 1690 1334 1731 as-

346 1780 479 1845 sidentes
490 1826 499 1856 ,
512 1780 564 1842 cui
581 1779 769 1865 plerumque
791 1780 906 1844 femina
923 1779 1041 1866 ingenii
1060 1779 1183 1844 dotibus
1195 1779 1336 1844 eminens

304 1954 306 1963 χ
347 1891 556 1976 praesidebat,
588 1891 686 1955 libere
711 1902 742 1955 et
755 1892 862 1976 jocose
883 1892 984 1956 omnia
1006 1891 1254 1975 disciplinarum,
1278 1913 1336 1976 pe

347 2003 462 2081 litices,
496 2003 708 2088 philosophiae
736 2015 920 2090 argumenta
952 2004 1143 2081 tractabant,
1171 2003 1336 2090 ingenium

277 2152 308 2175 -.
347 2115 517 2191 acuebant,
554 2136 646 2199 saepe
674 2116 893 2202 praelegebaut
927 2118 1083 2201 opuscula.
1137 2116 1225 2179 lllnlti
1258 2116 1338 2180 adeo

299 2220 304 2233 Χ
348 2227 512 2311 scriptores
531 2227 597 2309 ejus
617 2228 684 2292 aevi
706 2249 834 2291 suorum
853 2249 982 2313 operum
1002 2227 1166 2295 consilinm
1184 2227 1337 2312 ejusmodi

349 2337 488 2402 coetibus
507 2338 654 2404 debndre.
699 2341 762 2417 Ac,
782 2340 854 2404 licet
874 2351 1074 2425 argumenta,
1097 2361 1177 2425 quae
1197 2361 1338 2404 nomas·

350 2471 479 2531 curvans
511 2450 669 2515 tractanda
699 2451 757 2513 sibi
781 2463 931 2528 sumeret,
965 2473 1028 2515 non
1048 2451 1198 2535 ejusmodi
1217 2452 1335 2525 essent,

351 2572 386 2624 ut
407 2561 449 2626 ita
470 2563 663 2648 praelegeret
679 2551 719 2627 in'
734 2563 881 2627 conviviis
906 2585 1014 2649 opera,
1039 2563 1206 2629 cultissima
1232 2575 1335 2627 umen

350 2696 387 2738 ea
409 2675 550 2751 societas,
575 2676 652 2759 quin
679 2675 719 2740 ad
744 2675 857 2760 stylum
885 2675 979 2759 ipsius
1013 2676 1195 2759 poliendum
1222 2687 1353 2739 contu-¹

351 2785 436 2858 lerit,
459 2784 528 2845 fieri
541 2804 605 2846 non
628 2787 737 2867 potuit.
761 2786 907 2848 Notiones
924 2806 1051 2870 quoque
1060 2786 1247 2873 jampridem
1269 2809 1338 2851 sus-

353 2903 459 2975 ceptae
468 2889 514 2979 (2)
531 2891 571 2956 de
580 2893 722 2959 tollendis
729 2895 891 2972 abusibus,
902 2897 1119 2983 mutandisque
1127 2900 1339 2984 compluribus

353 3004 419 3068 aevi
453 3004 499 3069 sui
529 3005 691 3084 institutis,
720 3007 858 3073 firmatae
884 3019 915 3070 et
941 3021 1066 3087 auctae,
1090 3013 1166 3075 dnm
1182 3011 1339 3076 familiaris

308 3200 312 3205 p
354 3127 431 3179 esset
456 3138 633 3195 venerato,
659 3141 833 3197 aniverso,
857 3126 1092 3199 n’aarnsnaro,
1116 3134 1193 3188 caet.
1223 3124 1338 3187 Notum

353 3242 414 3308 est,
432 3231 547 3317 *quanti
561 3233 711 3296 momenti
735 3233 884 3298 coenulae
908 3233 980 3299 illac
998 3235 1133 3310 luerint,
1157 3235 1272 3320 quippe
1285 3234 1339 3298 ubi

354 3343 489 3406 odiosam
517 3342 662 3405 ordinum
691 3343 934 3418 distinctionem,
958 3344 1070 3407 abusds
1094 3344 1212 3428 ubique
1229 3347 1340 3431 vigen-

354 3462 416 3528 tes,
440 3451 637 3515 stoliditatem
658 3474 766 3515 eorum
788 3455 844 3538 qni
866 3454 958 3516 rebus
988 3464 1162 3537 praeessent
1190 3456 1340 3538 puhlicis,

355 3563 430 3625 risui
446 3560 596 3626 haberent
614 3561 804 3649 philosophi,
827 3563 1094 3648 poetae,parasiti,
1104 3565 1163 3650 ipsi
1174 3567 1292 3656 aulici(
1316 3567 1341 3653 )

388 3860 425 3927 (1)
443 3859 535 3910 Eximio
550 3857 579 3907 (le
597 3858 627 3907 iis
645 3858 694 3926 egit
712 3860 807 3911 Decima
826 3862 983 3928 s’nsasrts,
1004 3867 1093 3917 Notiee
1113 3882 1159 3914 sur
1178 3838 1292 3914 Madame
1310 3881 1354 3916 ur·

354 3965 473 4000 eronrnrn
493 3951 567 4017 (Paris
585 3949 678 4020 18³7).-

367 4038 428 4109 '(e)
446 4041 484 4090 ct.
500 4043 529 4090 a.
548 4045 580 4090 a.
601 4046 641 4103 ro,
660 4046 705 4108 st,
723 4048 766 4110 w,
784 4047 828 4115 eo,
847 4052 906 4114 roe,
926 4052 985 4117 roa,
1006 4052 1064 4099 ree.

349 4138 353 4145 ¹
389 4131 427 4202 (3)
444 4132 610 4199 assecurat,
629 4135 769 4203 Minuciam,
789 4142 810 4191 l.
825 4157 879 4206 pag.
895 4144 1010 4191 296-31
1018 4145 1044 4205 4,
1057 4142 1204 4190 tet-424.
1230 4140 1351 4190 llonnulli·
