2892 5042
512 1555 715 1581 ...qm

218 1733 484 1834 nonmsonvn
504 1760 617 1838 nnn
639 1759 811 1839 sentin,
833 1762 999 1826 neonis.

551 1975 677 2002 ωο-

406 2164 424 2245 §
449 2163 479 2224 1.
524 2134 667 2227 Natales
688 2169 721 2224 et
742 2165 821 2225 vita.
918 2179 920 2183 ’

76 2314 81 2323 ’
118 2279 236 2371 Solent
264 2310 363 2372 ferme
392 2330 516 2387 omnes,
544 2311 602 2395 qui
631 2310 688 2372 viri
717 2311 849 2394 alicujus
872 2310 912 2374 de
933 2311 1033 2396 patrii
1054 2325 1108 2378 aut

118 2419 302 2505 disciplinis¹
320 2414 431 2485 merite
465 2421 522 2485 sihi
538 2488 540 2491 ,
554 2421 776 2487 consideranda
810 2434 949 2499 sumant,
982 2422 1109 2509 initium

83 2530 86 2535 ⁴
118 2532 234 2598 dooere
262 2557 280 2598 a
309 2532 515 2619 descriptione
546 2534 695 2597 natalium
726 2546 757 2598 et
779 2533 859 2599 ritae
883 2535 999 2599 cursis.
1044 2535 1110 2598 Nee

117 2644 195 2706 mihi
221 2644 265 2706 ab
292 2643 353 2706 hoo
381 2664 469 2705 more
498 2643 732 2731 desciscendum
753 2645 859 2726 putari
882 2656 913 2707 et
934 2643 995 2708 hoo
1017 2654 1112 2728 capnt

116 2748 255 2839 incipere
287 2753 432 2818 constitui
462 2752 668 2836 exponendis,
699 2775 780 2838 quae
811 2748 851 2817 dt
864 2774 865 2779 ¹
880 2775 1112 2831 nonresonrvn

116 2865 178 2930 vita
206 2864 345 2955 invenire
367 2864 471 2950 potui,
495 2864 609 2950 magni
633 2885 669 2927 ex
692 2874 780 2948 parte
798 2866 927 2944 saltem,
950 2866 984 2930 in
1005 2866 1110 2931 lexicis

116 2978 336 3066 biographiois⁴
352 2978 457 3047 relata.
504 2978 592 3058 Quae
620 2976 797 3064 argumenti
818 2978 882 3041 mei
903 3000 973 3062 pars
994 2979 1110 3043 brevis-

117 3092 193 3156 sima
215 3114 287 3158 sane
311 3091 382 3171 erit3
416 3112 488 3156 nam
516 3101 580 3154 tota
601 3091 667 3153 fere
688 3091 722 3154 in
735 3090 806 3155 ,vita
830 3091 950 3156 literati
973 3102 1110 3156 versatur

118 3204 176 3268 viri
208 3203 407 3292 biographia‚
440 3224 544 3288 neque
576 3224 690 3288 magna
719 3203 889 3267 infortunia
920 3214 974 3266 aut
1002 3202 1109 3290 magni

116 3317 269 3399 momenti
309 3337 357 3378 res
399 3324 501 3399 gestae
537 3333 607 3375 eam
639 3313 820 3398 insigniunt.
865 3314 1011 3378 Attamen
1044 3318 1109 3401 quo

116 3430 207 3518 plura
238 3437 310 3492 nota
337 3435 409 3490 sunt
438 3425 478 3490 de
503 3424 557 3502 iis,
587 3447 667 3510 quae
689 3424 729 3490 ad
751 3425 809 3488 viri
828 3414 964 3492 indolem
988 3439 1019 3491 et
1040 3429 1110 3515 opi-

107 3542 238 3613 niones·
256 3539 460 3605 efformandas
492 3539 633 3616 valuere,
648 3592 652 3601 .
668 3541 708 3603 eo
744 3538 855 3604 melius
890 3539 1109 3633 deioperibus

28 3713 40 3720 .
115 3653 248 3739 judicari
284 3653 406 3738 poterit.
451 3653 562 3738 Itaque
598 3651 821 3736 explorandum
857 3664 918 3730 est,
949 3658 1110 3740 ‘quantum

119 3767 268 3852 possimus
297 3765 448 3850 proficere
477 3766 551 3830 oiim
578 3786 596 3829 e
624 3784 853 3842 nonrnsoorvn
874 3765 959 3843 fatis,
981 3768 1050 3830 trtm
1072 3789 1110 3835 ex

121 3879 297 3945 conditione
326 3877 394 3961 ejus
425 3875 529 3942 sociali
556 3876 795 3960 pernoscendis,
827 3888 863 3940 ut
883 3877 1011 3965 ⁸ingenii
1043 3877 1109 3963 ejus

121 4004 230 4058 natura
259 4002 289 4055 et
313 3991 491 4077 progressis
515 3987 750 4074 investigentur.
795 3989 866 4068 Quo
889 3987 1039 4074 imprimis
1061 3992 1110 4056 in-

122 4105 235 4168 servire
266 4113 413 4188 poterunt
442 4101 539 4164 multa
571 4100 651 4163 scitu
676 4099 791 4187 digna,
820 4121 900 4186 quae
921 4100 974 4167 hie
993 4102 1058 4167 illie
1077 4102 1112 4167 in

121 4218 256 4302 epistolis
275 4216 314 4282 ad
332 4214 497 4283 familiares
512 4212 723 4280 inveniuntur.

959 4328 973 4386 l
