2892 5042
811 516 898 580 98·

348 721 439 782 sero,
463 720 569 763 omnes
588 699 621 761 in
639 698 869 763 Gaditanum
892 699 1098 773 Francorum,
1118 691 1218 759 alodia
1238 692 1332 758 tuine

348 822 491 898 putaret,
514 822 546 876 at
572 811 630 875 suh
650 810 778 896 regibus
797 810 954 876 secundae
969 810 1073 896 stirpis
1089 826 1205 871 nexum
1222 803 1332 871 iauda-

349 926 411 997 lem
430 926 589 1010 vigentem
616 933 774 999 cerneret,
807 923 921 988 leviter
943 922 1029 986 omni
1056 920 1243 985 difficultate
1269 934 1336 981 seso

348 1037 521 1122 etpedivit,
534 1036 706 1111 asserendo,
719 1035 812 1100 feuda
827 1036 1032 1121 jampridem
1051 1034 1135 1120 apud
1154 1032 1335 1120 Inngobar-

348 1149 403 1215 dos
423 1160 568 1233 recepta,
601 1173 619 1215 a
648 1170 776 1214 muoso
798 1171 910 1213 naono
929 1169 995 1212 uno
1016 1150 1083 1213 ictu
1112 1147 1144 1209 in
1171 1147 1336 1210 aneiam

348 1263 471 1328 invecta
488 1263 602 1338 fuisse,
622 1262 780 1347 simulque
796 1262 960 1325 abeodem
981 1261 1084 1324 omnia
1102 1259 1245 1323 instituta
1260 1256 1336 1321 ieri-

351 1375 434 1441 dalia
453 1374 592 1452 condita,
615 1376 671 1461 qui
692 1375 814 1441 scilicet
831 1373 1079 1440 cunctisFraneis
1100 1393 1156 1435 seu
1177 1371 1336 1435 nobilibus

351 1490 555 1574 persuaserit,
585 1500 620 1553 ut
646 1489 771 1553 honoris
795 1489 904 1566 causa,
928 1500 1088 1573 tamquam
1108 1485 1205 1572 Regis
1224 1484 1336 1550 vasalli

304 1676 307 1685 p
351 1611 495 1666 tenerent
516 1625 552 1667 ea
571 1603 672 1678 bona,
695 1624 778 1687 quae
797 1601 962 1686 hucusque
983 1622 1041 1663 suo
1059 1600 1189 1663 nomine
1214 1597 1337 1661 mbae·

350 1722 432 1776 rant.
473 1711 666 1775 Hereditaria
688 1733 781 1796 porro
804 1697 852 1776 ait
870 1713 1002 1777 evasisse
1021 1711 1117 1776 feuda
1134 1711 1200 1774 uni
1217 1729 1337 1774 cenom

351 1842 447 1887 canta
466 1817 672 1888 ordinatione.
714 1823 906 1888 Francorum
933 1835 1063 1910 gentem
1090 1824 1135 1888 ita
1164 1822 1339 1906 depressam

354 1935 447 2011 tuisse
467 1936 612 2022 queritur
636 1959 655 2001 a
684 1924 895 2026 Carolingis,
919 1938 973 2022 qui
999 1937 1088 2021 parti
1108 1955 1237 2020 quoque
1260 1952 1338 2019 perr·

352 2046 461 2111 derent
476 2049 587 2132 populi
599 2048 801 2135 suffragium,
822 2071 923 2135 quum
941 2051 977 2112 in
995 2046 1234 2113 desuetudinem
1252 2047 1350 2140 abire¹

353 2161 437 2241 passi
464 2160 526 2222 sint
542 2162 656 2223 caetris
681 2163 786 2244 campi
804 2163 893 2245 Maji3
926 2173 958 2226 at
986 2161 1116 2225 meliora
1140 2163 1185 2225 ait
1213 2160 1342 2224 rediisse

353 2283 508 2353 tempora,
533 2293 634 2356 quum
658 2273 766 2336 ultimi
792 2271 886 2356 hujus
906 2274 1009 2359 stirpis
1035 2295 1125 2360 reges
1143 2273 1272 2360 magnis.
1287 2293 1341 2335 m-

353 2382 437 2446 sallis
460 2382 652 2447 confiderent
673 2386 763 2470 regni
788 2372 937 2464 tutelam,
970 2385 1070 2449 donec
1094 2406 1182 2450 nuno
1204 2404 1343 2450 caranus

353 2494 479 2583 et‘quia
497 2482 581 2560 iacto
601 2486 753 2578 majorem
780 2497 929 2562 Franciae
950 2508 1073 2582 partem
1095 2507 1232 2573 teneret,
1256 2507 1287 2559 et
1304 2515 1343 2557 ex

352 2609 464 2672 ultimi
484 2608 646 2672 voluntate
665 2630 818 2675 nnnovrot
836 2610 876 2687 V,
889 2586 1030 2695 'regnum
1051 2618 1233 2701 capesseret.
1257 2608 1344 2671 Haeo

353 2736 459 2789 autem
490 2723 649 2787 conversio
682 2724 836 2805 quautdm
861 2734 982 2786 mutare
1018 2721 1163 2785 debuerit
1193 2720 1346 2807 obligati-

356 2852 429 2894 ones
444 2833 525 2925 regis
542 2842 572 2894 et
588 2831 701 2915 'populi
724 2854 797 2917 erga
810 2850 845 2894 sc
862 2832 1019 2907 invicem,
1038 2831 1122 2909 haud
1142 2829 1295 2920 exponit(
1315 2828 1345 2917 )

355 2943 437 3007 Eece
457 2941 625 3027 praecipua
647 2962 773 3017 eorum,
807 2963 889 3026 quae
913 2942 952 3007 de
979 2943 1100 3027 patriae
1120 2942 1249 3007 historiri
1270 2965 1348 3027 pm-

356 3052 431 3116 tulit
450 3051 503 3116 hio
525 3063 650 3129 auctor,
674 3052 730 3116 ubi
749 3052 920 3117 identidem
938 3053 1083 3137 perlucet
1103 3054 1225 3139 opinio,
1246 3076 1347 3140 quam

358 3166 417 3231 sihi
457 3165 638 3230 informaimt
674 3184 779 3252 neque
817 3166 946 3230 desierat
986 3165 1153 3230 obtrudere
1183 3184 1351 3231 ,unumne

357 3280 570 3358 Procuratori‚
601 3279 641 3342 de
661 3280 810 3345 Franciae
830 3282 931 3344 salute
951 3290 1031 3343 tunc
1048 3279 1176 3343 demum
1199 3281 1349 3345 renasci-

356 3394 444 3470 turai,
468 3395 494 3454 si
518 3412 608 3455 verae
627 3393 794 3455 Fruneioae
814 3392 915 3477 gentis
936 3402 1184 3461 convocarentur
1206 3392 1351 3459 coniitia.

402 3505 479 3564 Toto
506 3502 594 3564 coelo
613 3501 768 3582 diversum
793 3501 957 3587 ingenium
976 3503 1117 3572 ridemus
1137 3506 1170 3567 in
1192 3504 1260 3588 ojus
1278 3505 1348 3569 ad-

360 3612 502 3690 versario,
519 3612 630 3676 abbate
643 3633 760 3688 nouos,
778 3611 843 3674 viro
857 3612 1000 3696 inprimis
1021 3614 1128 3680 critico
1148 3626 1179 3678 et
1197 3616 1349 3702 antiquai-

359 3727 475 3792 tatibus
493 3735 633 3800 versato,
657 3724 715 3808 qui
734 3725 823 3809 regni
841 3725 981 3791 Francici
997 3725 1132 3814 origines
1150 3726 1353 3815 investigarit

365 3970 595 4066 'urrisanana
615 4000 639 4062 1,
659 4014 711 4063 pag.
727 3999 873 4048 tta—132.
901 4001 969 4079 ussa
989 4001 1019 4048 aa
1043 4002 1068 4048 a
1093 4001 1198 4061 rassae,
1222 4015 1279 4066 pag.
1299 4002 1350 4063 te,

358 4093 389 4139 81
409 4108 460 4157 sqq.
497 4090 565 4138 Hist.
585 4092 614 4138 de
633 4089 709 4139 l‘osrc.
730 4095 826 4151 Goon,
846 4093 871 4153 l,
890 4106 945 4155 pag.
964 4092 1085 4156 idsqq„
1104 4092 1278 4158 conssul.
1307 4090 1352 4153 11,
1434 4116 1435 4121 =

355 4199 412 4248 pag.
428 4185 462 4231 80
481 4200 512 4232 m.
531 4197 583 4247 sqq.
602 4182 661 4229 295.
1077 4177 1081 4185 '
