2892 5042
702 491 841 571 ,ros

318 681 368 737 est
403 673 586 735 oeconoma
614 671 755 759 politico
796 668 886 756 (baec
920 669 1012 732 verba
1047 677 1120 730 sunt
1154 687 1304 730 nunonrn

318 781 570 870 Nemmerzsis);
604 782 735 867 imperia
760 779 887 858 adsunt,
921 790 957 842 ut
985 779 1102 843 civium
1124 779 1306 843 felicitatem

317 906 527 982 promoveant,
542 897 629 961 actds
644 893 868 978 imperantium
880 894 976 977 igitur
986 895 1023 955 eb
1036 890 1166 955 tendant
1176 902 1305 977 oportet,
1383 899 1387 902 ’

320 1020 354 1072 ut
386 1007 509 1072 divitiae
537 1018 727 1093 augeantur3
748 1029 851 1091 porro,
876 1005 996 1090 quotics
1015 1006 1139 1070 miseriti
1155 1006 1307 1090 premitur

318 1121 470 1205 populus,
494 1120 584 1182 toties
604 1119 642 1183 de
667 1119 817 1205 regimine
838 1120 955 1203 patriae
977 1142 1050 1183 suae
1068 1120 1158 1205 queri
1179 1117 1304 1203 incipit,

318 1234 368 1298 rel
383 1232 494 1308 saltem
510 1233 550 1296 ab
570 1232 625 1295 illo
645 1231 740 1296 finem
757 1233 912 1298 malorum
931 1243 1042 1316 sperat.
1076 1231 1216 1296 Tandem
1236 1241 1308 1294 sunt

320 1349 376 1432 qui
396 1346 511 1423 dicant,
531 1348 643 1430 panim
668 1346 800 1423 referre,
820 1348 928 1409 utrdm
950 1344 1062 1430 reliqui
1082 1344 1234 1410 societatis
1255 1367 1307 1408 or-

319 1461 405 1526 dines
425 1459 585 1526 scientiam
602 1459 778 1524 divitiarum
795 1460 896 1524 edocti
913 1459 985 1536 sint,
1007 1481 1117 1535 necne,
1137 1458 1307 1524 dummodo

319 1597 406 1641 suam
427 1574 561 1660 quisque
576 1581 681 1638 'artem
702 1574 807 1638 nbrint
826 1575 923 1651 cives,
949 1584 979 1638 et
999 1595 1061 1659 quo
1086 1586 1178 1659 pacto
1198 1576 1234 1638 eal
1253 1595 1307 1638 ex-

319 1686 452 1751 ercendi
480 1688 595 1770 optime
626 1686 685 1748 sibi
711 1687 916 1771 prospiciant3
940 1687 1097 1751 universas
1124 1688 1248 1774 regulas
1268 1688 1308 1750 de

319 1797 444 1884 opibus,
476 1796 515 1860 de
535 1796 757 1880 productione,
786 1798 826 1862 de
842 1799 1011 1863 industriae
1030 1800 1196 1886 generibus
1217 1800 1307 1864 utili-

318 1912 377 1975 bus
395 1908 443 1974 vel
469 1908 584 1987 noxiis,
615 1921 746 1975 noscant
773 1921 804 1975 ct
831 1900 999 1976 adhibeant
1027 1912 1088 1992 illi,
1113 1913 1169 1998 qui
1195 1912 1306 1978 civitati

317 2034 465 2109 praesunt
478 2023 537 2110 (1).

363 2135 416 2197 llis
444 2137 517 2198 verb
542 2158 606 2199 non
636 2135 869 2200 assentiendum
888 2136 1025 2216 ridetur3
1057 2138 1126 2201 talis
1150 2139 1234 2202 enim
1261 2148 1305 2201 est

256 2239 260 2247 ’
319 2247 499 2313 oeconomia
525 2246 652 2331 politior
674 2259 710 2310 ut
731 2246 886 2311 continuis
906 2249 1124 2332 experimentis
1146 2261 1177 2313 et
1197 2250 1307 2313 obser-
1354 2249 1358 2258 '

321 2359 496 2432 rationibus
509 2359 565 2420 niti
583 2353 705 2435 debeat,
722 2360 805 2423 eima
815 2379 925 2424 causas
944 2361 1100 2425 naturales
1120 2383 1216 2447 opum
1228 2382 1306 2425 ano-

319 2484 422 2539 tarum
438 2474 487 2537 vel
508 2472 717 2551 minutarum
744 2474 800 2558 qui
816 2473 902 2536 illam
921 2474 1123 2538 excolendam
1144 2487 1174 2539 et
1192 2474 1305 2540 docen-

318 2585 391 2650 dam
411 2585 469 2649 sibi
482 2586 577 2650 sumit
592 2585 803 2668 disciplinam,
818 2585 929 2670 nequit
946 2586 1109 2650 confestim
1128 2587 1304 2662 decernere,

319 2700 404 2764 unde
424 2700 546 2785 singula
566 2698 716 2763 beneficia
738 2698 940 2784 exspectanda
962 2699 1033 2774 sint,
1057 2702 1164 2763 utrdm
1185 2700 1226 2763 ab
1249 2700 1306 2762 im·

319 2822 464 2897 perante,
495 2813 535 2875 ab
564 2810 657 2893 hujus
683 2810 809 2872 illiusve
834 2810 1003 2874 industriae
1025 2812 1149 2896 peritis,
1173 2815 1304 2876 unvero

320 2948 337 2987 a
360 2944 465 2986 rerum
493 2921 607 2984 naturai
632 2920 690 2983 sibi
710 2921 829 2985 relicti.
864 2922 900 2983 Id
922 2923 1042 3007 saepius
1060 2925 1191 3008 repetiti
1210 2948 1304 3010 erpe-

321 3034 431 3099 rientii
449 3033 553 3099 doceri
572 3043 701 3117 oportet.
736 3032 790 3097 Sin
807 3044 912 3097 autem
932 3057 1006 3099 cum
1026 3037 1223 3123 gubernandi
1238 3049 1303 3102 arte
1362 3073 1371 3080 ·

289 3135 293 3144 ’
318 3148 530 3215 confundatur
550 3146 745 3224 oeconomia,
768 3147 955 3211 alterutrum
976 3150 1106 3228 accidet,
1130 3161 1167 3213 ut
1183 3164 1304 3215 aut-ne·
1412 3193 1418 3205 ,

320 3263 480 3350 gligantur
501 3285 537 3326 ea
554 3272 755 3347 argumenta,
774 3260 942 3347 dequibus
956 3262 1097 3327 nondum
1118 3275 1247 3342 constat,
1267 3287 1308 3328 an

351 3531 395 3616 (ll
410 3546 543 3612 objicietur
565 3548 642 3607 torte,
664 3550 786 3613 opiniones
810 3548 864 3597 illas
890 3546 920 3597 de
947 3550 1113 3615 imperantium
1134 3552 1246 3599 continui
1269 3568 1309 3600 ac-

318 3646 400 3706 tione,
422 3658 480 3706 quus
495 3639 651 3707 physiocratis
675 3638 870 3705 tribuo,pari1m
891 3644 1016 3698 convenire
1036 3630 1205 3708 notolpsornm
1225 3643 1309 3692 effato:

271 3773 274 3776 -
318 3738 424 3792 aruisset
436 3734 497 3783 taire
518 3742 544 3781 ct
560 3730 643 3781 lausei
659 3728 763 3797 passer.”
780 3732 867 3780 Verum
882 3742 1000 3798 teneatur,
1019 3745 1192 3800 ausuum,
1203 3737 1306 3800 primum

318 3829 419 3893 hujusce
435 3827 519 3893 placiti
537 3836 668 3891 auctorem,
687 3827 759 3874 unice
774 3825 804 3874 ds
821 3826 952 3875 mercaturi
968 3828 1002 3875 ita
1017 3826 1123 3875 locatum
1142 3842 1214 3890 esse,
1237 3842 1311 3893 quam

319 3923 408 3974 fontem
429 3918 568 3968 divitiarum
586 3936 636 3967 esse
654 3918 757 3982 negabat
774 3936 803 3967 ex
821 3931 941 3975 cosmum
960 3919 1089 3968 saurentii.
1107 3935 1133 3969 v.
1158 3919 1311 3983 Plryss’ocro·
1340 3893 1345 3902 ,

320 4016 372 4074 sto,
389 4030 414 4061 v.
431 4015 461 4078 V,
478 4029 534 4078 pag.
553 4013 602 4060 101
623 4012 678 4062 coll.
694 4009 738 4077 ll,
764 4010 821 4059 diti.
839 4011 852 4058 1
868 4027 915 4059 ser
926 4014 951 4061 ts
973 4026 1113 4061 commarca.
1139 4011 1178 4060 cf.
1195 4022 1312 4069 tuctu,

320 4103 411 4153 l'ordrs
429 4110 532 4155 saturet
549 4106 704 4154 crassenses
716 4105 760 4153 das
779 4103 886 4154 reditis
900 4105 1039 4170 potitique»
1054 4103 1131 4170 (Pstis
1148 4102 1244 4170 tros),
1262 4104 1305 4151 cit.

321 4214 360 4264 ap.
382 4209 437 4262 stt,
456 4196 525 4245 Hist.
541 4198 594 4246 abr.
618 4199 713 4262 lipaque
732 4196 803 4244 111Νο
819 4192 920 4262 (Cours,
940 4212 963 4244 v.
982 4197 1025 4262 lv,
1045 4209 1101 4261 pag.
1114 4192 1187 4260 288).
