2892 5042
602 551 643 606 53

115 741 196 783 rum
218 723 314 807 leges.
349 726 491 810 Namque
512 731 546 790 in
577 730 688 793 hortun
721 731 895 795 civitatibus
911 712 1026 796 ⁴recens
1041 755 1115 797 cou-

116 831 196 893 ditis
218 829 439 917 legumlatores
460 849 490 900 et
510 840 621 924 populi
642 840 786 905 nondum
816 842 1013 906 immemores
1044 845 1112 907 fieri

116 954 292 1024 potuerant
313 946 395 1028 ejus,
419 949 504 1034 quod
525 952 640 1016 civium
664 954 759 1018 causi
787 954 930 1018 instituto
950 956 988 1018 sit
1013 955 1112 1020 omnis

113 1054 219 1130 civilis
240 1059 386 1136 societas,
410 1061 495 1124 unde
518 1066 689 1129 necessario
704 1065 793 1152 sequi
819 1067 928 1147 debuit
948 1068 1032 1151 apud
1047 1068 1110 1150 priss

112 1174 204 1231 vatos
225 1170 329 1245 notio,
354 1192 387 1234 se
407 1172 530 1236 sibimet
557 1175 639 1259 ipsos
661 1176 855 1260 prospicere,
879 1178 954 1241 dum
983 1200 1110 1262 rempu·
1193 1165 1196 1170 ¹

109 1277 236 1343 blicam
257 1280 387 1368 ejusque
402 1282 535 1349 sormam
554 1286 747 1350 incolumem
765 1299 922 1352 servarent
943 1286 1001 1377 (l)

157 1391 229 1455 Nec
254 1393 337 1456 maie
365 1394 442 1459 locis
462 1398 527 1460 citt.
550 1399 704 1482 perspexit
727 1400 861 1477 Auctor,
893 1412 1048 1484 quantum
1070 1400 1109 1465 ad

108 1496 269 1566 Veterum
283 1502 408 1571 civilem
424 1506 570 1590 virtutem
593 1508 759 1571 contulerit
775 1531 928 1595 maguum
942 1510 1109 1573 discrimen

109 1612 199 1676 inter
212 1613 330 1677 civium
346 1626 378 1679 et
390 1637 550 1680 servorum
572 1618 805 1697 conditionem,
829 1641 894 1705 quo
910 1620 964 1686 illa
984 1620 1109 1703 majoris

109 1723 206 1788 fieret
230 1727 338 1810 pretii3
362 1750 456 1813 porro
477 1729 562 1815 quod
587 1730 690 1796 omnia
711 1731 811 1796 sermo
836 1732 955 1817 privata
982 1733 1106 1819 negotio

107 1838 208 1902 servis
232 1838 409 1926 relinquere
432 1840 583 1920 solerent,
611 1842 739 1925 publiea
760 1842 818 1927 ipsi
839 1857 998 1929 gererent3
1020 1847 1107 1911 unde

61 1957 67 1962 ’
107 1950 233 2028 evenit,
256 1962 292 2013 ut
302 1952 402 2037 magis
420 1954 583 2039 magisque
602 1956 769 2030 sentirent,
783 1954 830 2016 sui
847 1955 939 2018 eamd
949 1955 1106 2017 civitatem

107 2061 236 2140 adesse,
269 2084 329 2126 uec
350 2064 455 2126 ulium
474 2063 600 2146 privatis
622 2063 716 2128 rebus
736 2064 961 2129 detrimentum
983 2075 1106 2129 tantum

107 2174 257 2239 accidere
283 2195 389 2258 posse,
421 2186 575 2262 quantum
601 2186 782 2261 paterentur
807 2198 844 2242 ex
879 2178 964 2264 gravi
989 2177 1104 2243 damno

109 2288 160 2352 vel
180 2287 274 2351 ruini
292 2288 433 2354 civitatis.

109 2439 112 2445 ,
154 2399 245 2479 Jam,
275 2401 371 2487 siquis
391 2402 615 2469 animadvertat
637 2402 671 2486 (e
696 2427 926 2482 nonrsseurvrr
950 2405 1103 2469 sententid

108 2509 238 2597 loquor)
260 2524 453 2597 quantopere
470 2514 511 2577 ab
531 2515 667 2599 antiquis
686 2515 808 2580 diversa
831 2517 871 2580 sit
891 2507 1104 2580 recentiorum

108 2623 303 2707 populorum
334 2622 485 2699 conditio,
516 2623 651 2707 patebit,
684 2624 775 2687 nulio
801 2625 896 2688 modo
926 2625 1020 2688 talem
1047 2643 1104 2707 pa-

109 2735 190 2799 triae
200 2734 388 2799 amoremsb
398 2733 555 2799 hodiernis
566 2733 660 2822 (saec.
675 2730 743 2821 18⁰)
753 2735 920 2820 Europaeis
936 2738 1105 2820 exspectari

110 2868 216 2932 posse.
250 2845 387 2912 Incolae
406 2848 492 2911 enim
515 2856 602 2925 suut,
631 2869 695 2911 non
718 2846 809 2912 cives.
844 2848 1103 2913 Germanicomm

107 2982 226 3044 nempe
236 2960 380 3052 gentium
395 2960 512 3025 invasio
523 2970 554 3023 et
563 2960 691 3044 Imperii
704 2962 744 3025 R.
760 2961 940 3045 occupatio,
954 2962 1097 3046 Europae

105 3073 274 3157 politicum
295 3083 409 3136 statum
431 3072 510 3136 adeo
530 3067 670 3135 funditus
696 3072 864 3149 conpertit,
888 3082 925 3136 ut
948 3093 1006 3156 pro
1025 3073 1101 3137 ciri·

105 3187 169 3250 bus
201 3185 399 3268 antiquarum
431 3183 591 3247 civitatum
620 3180 730 3246 haberi
755 3182 930 3265 inceperint
964 3184 1101 3258 nobiles,

106 3295 235 3372 elerici,
259 3295 472 3381 magistratus,
486 3293 674 3377 burgenses,
699 3292 823 3369 rustici,
840 3293 956 3376 quihus
963 3294 1101 3375 junctim

105 3413 253 3495 praeesse
267 3407 378 3473 soleret
398 3406 476 3472 nex.
508 3405 606 3482 Hine,
631 3426 732 3490 quum
753 3405 949 3469 securitatem
961 3407 1102 3470 etmulte

108 3519 272 3606 commoda
290 3519 407 3585 adferat
423 3515 659 3600 monarchicum
679 3515 838 3603 regimen,
858 3518 921 3581 imo
938 3512 1101 3603 praestan-2

107 3633 262 3696 tissimum
280 3631 420 3697 omnium
441 3629 522 3693 illud
544 3629 665 3714 judicet
683 3632 816 3707 Auctor,
834 3629 877 3694 'eo
896 3627 1024 3709 tendere
1045 3631 1099 3696 de*

45 3745 47 3750 ‘
108 3745 367 3822 hominemne,
396 3754 434 3807 ut
459 3744 529 3808 loco
553 3745 692 3807 ct'rtutis
706 3745 870 3830 politicae
893 3742 979 3804 aliud
999 3762 1099 3802 reme-

109 3856 197 3921 dium
214 3857 402 3932 inveniatur‚
420 3874 484 3939 quo
501 3875 608 3917 omnes
618 3852 735 3916 subditi
744 3852 875 3937 diligere
884 3849 964 3912 illud
978 3848 1099 3914 discant

111 3980 141 4054 et
153 3991 246 4033 suum
256 3990 321 4033 esse
332 3967 522 4043 existiment,
534 3966 601 4048 ejus
607 3947 791 4051 dignitatem
801 3962 993 4027 incolumem
1005 3964 1098 4042 tueri,

112 4123 325 4146 ³¹⁸-··7··-···-·

132 4206 182 4274 p)
199 4210 235 4259 e.
252 4210 278 4260 a.
297 4210 327 4260 ι.
345 4208 393 4260 nr.
409 4208 438 4272 s,
458 4209 499 4259 n.
518 4207 550 4274 s,
567 4207 596 4257 v.
614 4211 631 4255 ε
648 4222 683 4273 sq.
701 4209 726 4274 s,
745 4208 795 4272 ro,
812 4205 877 4257 sm.
897 4209 923 4255 s:
