2892 5042
846 486 885 547 42

368 691 438 735 mos
458 668 586 735 summis
607 666 778 733 honoribus
800 677 924 731 ornatus
945 675 1006 739 est,
1031 664 1105 750 quia
1125 665 1266 729 mutuum
1285 685 1360 730 mu·

366 783 479 846 lierum
499 781 629 846 amasius
650 791 742 859 esset;
765 779 854 845 Gaul.
878 801 917 845 nr
936 799 1071 855 rusus,
1096 777 1169 863 quir
1190 782 1275 841 soror
1291 778 1358 863 plr-

367 894 479 958 euisset
506 915 652 959 rurmrro
673 913 917 971 sensurum
941 891 1024 957 bello
1047 890 1080 955 iu
1104 890 1271 956 Germanii
1298 912 1359 976 ge·

368 1006 465 1071 rendo
492 1007 664 1091 praefectus
694 1031 734 1072 nr
763 1027 924 1071 seuerum
951 1004 1139 1092 ingratiam
1169 1003 1292 1088 pellicis
1319 1025 1358 1067 us

366 1140 501 1197 utrem
526 1118 565 1184 de
590 1119 714 1183 foedere
740 1121 820 1183 inter
840 1117 1001 1184 Franoiem
1021 1128 1052 1180 et
1081 1115 1237 1180 Austriom
1256 1136 1357 1200 nogo-

366 1233 435 1299 tiuri
453 1234 650 1298 commissum
672 1234 777 1297 ubboti
797 1256 837 1297 ne
865 1254 975 1297 surum
997 1227 1133 1319 (1755),
1158 1229 1215 1315 qui
1231 1230 1264 1293 iu
1283 1250 1356 1294 oon·

265 1364 272 1378 ‘
366 1344 472 1410 silium
490 1344 571 1432 regis
591 1344 741 1409 admissus
761 1345 878 1421 fuerat,
912 1342 998 1429 quod
1020 1341 1353 1427 spurcissimorum,

365 1481 422 1541 pro
445 1458 640 1534 concubinl,
664 1458 732 1544 regi
750 1457 914 1533 scriberet,
938 1467 997 1521 eto.
1023 1454 1082 1544 (1).

409 1570 497 1635 Dicto
525 1594 543 1634 u
570 1568 729 1633 nonnullis
755 1580 836 1633 uetus
861 1568 918 1633 ista
934 1568 1101 1634 audaciae
1119 1567 1301 1641 madum,
1321 1588 1354 1630 ac

365 1681 470 1744 reveri
501 1680 589 1742 nullo
615 1690 756 1763 tempore
777 1680 876 1762 major
898 1680 1017 1765 ubique
1038 1679 1209 1764 praevaluit
1230 1677 1355 1743 audacio

365 1803 396 1854 et
423 1790 545 1867 levites,
575 1793 648 1855 crim
674 1790 708 1854 in
730 1791 823 1855 rebus
846 1792 959 1855 summi
989 1792 1139 1855 momenti
1161 1790 1355 1857 committen-

365 1904 411 1967 dis
434 1925 528 1968 curre
550 1901 753 1990 indignorum
775 1903 954 1981 hominum,
979 1906 1046 1968 trlm
1069 1905 1103 1967 in
1124 1902 1217 1967 modo
1241 1904 1354 1989 gestio-

363 2015 412 2079 nis
436 2016 540 2100 ipsius.
595 2017 673 2081 lude
701 2018 794 2081 etiem
827 2018 1001 2102 complures
1023 2017 1194 2101 apparuere
1220 2014 1274 2079 hle
1290 2015 1355 2078 illie

364 2125 553 2202 nebulones,
578 2127 633 2212 qui
652 2148 709 2211 per
724 2128 848 2214 lougius
865 2128 1026 2194 breviorve
1041 2140 1181 2212 tempus,
1197 2147 1354 2212 quocum·

364 2261 428 2324 que
459 2238 585 2303 tandem
614 2241 724 2318 molo,
767 2241 977 2326 complurium
1007 2243 1149 2323 Europae
1177 2239 1354 2324 principum

256 2415 260 2421 ,
364 2351 499 2414 brorem
531 2351 630 2428 nocti,
664 2373 743 2417 nova
771 2352 910 2438 quotidie
942 2353 1078 2417 remedia
1101 2350 1301 2415 inveniebant
1323 2361 1353 2413 et

362 2462 571 2540 adhibebunt,
595 2463 634 2528 ad
654 2464 766 2528 fiscum
790 2464 973 2530 exhaustum
995 2462 1265 2547 dilapidationibus
1283 2484 1353 2526 sus-

326 2636 333 2645 ,
362 2575 555 2640 tentandum.
601 2577 648 2640 lta
670 2578 703 2640 in
726 2578 864 2657 Francis,
888 2577 1041 2644 cardinali
1065 2574 1351 2653 resumentibus

363 2691 466 2765 relius,
490 2688 571 2766 eliis,
596 2690 879 2754 commodissimum
902 2692 1004 2754 risum
1028 2700 1092 2753 erat
1115 2711 1210 2753 onera
1230 2688 1265 2752 iu
1287 2688 1353 2753 dies

363 2803 502 2884 graviora
524 2802 643 2882 populo
662 2801 837 2884 imponere3
862 2821 913 2861 aes
935 2798 1072 2865 alienum
1095 2799 1291 2877 oontmlrere,
1314 2821 1353 2865 oc

363 2911 436 2975 dein
464 2910 580 2973 tributo
610 2912 695 2997 gravi
727 2932 855 2974 onerare
881 2909 1047 2976 creditores
1069 2913 1164 2997 ipsos3
1189 2913 1222 2975 in
1243 2911 1353 2996 Hispa-

363 3023 414 3086 nit
437 3044 617 3087 smenosro
640 3034 671 3086 et
691 3023 820 3087 nostrati
842 3044 1035 3101 nrrrrnose,
1057 3024 1180 3087 itcmin
1194 3024 1351 3100 Ssrdiniri,

364 3133 445 3220 regis
473 3156 622 3199 merosus
651 3156 772 3198 nusum
795 3134 941 3199 ministris
963 3136 1081 3220 placuit
1101 3136 1280 3219 principum
1303 3158 1352 3199 es-

363 3268 486 3310 sensum
514 3246 548 3310 iu
568 3246 692 3311 foedera
716 3268 790 3311 cum
813 3247 1120 3312 exterisnationibus
1143 3246 1291 3324 rendere;
1316 3246 1352 3308 in

362 3359 528 3424 Germanii
559 3360 667 3423 famosi
699 3368 797 3436 ebnz,
829 3383 1027 3435 rsuswrrz,
1060 3364 1182 3433 orbus,
1212 3378 1350 3423 rumne

361 3491 531 3555 omnesque
557 3471 627 3534 ‘fere
658 3473 781 3537 Hessius
816 3483 846 3536 et
878 3470 1026 3535 Senoniae
1055 3468 1157 3553 reguli
1192 3467 1352 3535 lucrosum

361 3568 501 3668 inprimis
527 3585 676 3669 comperti
704 3596 776 3649 sunt
801 3586 882 3669 ipsos
903 3581 1039 3646 subditos
1060 3579 1211 3657 rendere,
1236 3566 1272 3646 ut
1294 3603 1353 3667 pro

361 3696 471 3761 exteris
508 3696 763 3784 belligerantibus
783 3717 869 3760 arma
896 3705 1057 3781 gererent3
1088 3694 1122 3757 in
1145 3695 1254 3759 llussiir
1277 3706 1353 3760 tan-

360 3808 445 3875 dem'
460 3810 533 3874 inde
561 3834 579 3874 a
608 3832 700 3874 emur
731 3811 762 3871 11
792 3817 891 3870 morte
918 3807 1164 3892 Imperatricium
1196 3808 1301 3872 amasii
1332 3832 1351 3869 o

315 4108 319 4113 .
394 4066 429 4131 (1)
447 4066 595 4127 succussis,
618 4068 650 4115 ll.
674 4082 727 4131 pag.
748 4069 790 4130 14,
810 4069 868 4133 175,
888 4031 948 4133 580,
964 4070 1023 4118 296.
1043 4068 1197 4133 nuruum,
1216 4067 1348 4119 Μένωνα

360 4162 379 4207 Ι,
397 4174 449 4223 pag,
467 4160 612 4208 eoo-270.
