2892 5042
577 500 654 572 ‘179

169 697 216 758 2⁰.
250 694 290 757 Ut
308 690 449 768 doceret,
469 691 643 755 cavendum
660 713 734 767 esse,
756 714 796 756 ne
816 692 973 757 securitati
992 695 1108 759 civium

124 814 258 869 noceant
277 805 389 888 pariam
405 802 533 868 definita
553 802 700 881 crimina,
721 805 899 869 ineertaere
918 825 1048 887 poenae.

170 918 311 1001 Utroque
333 915 403 981 loco
421 916 560 980 invenias
579 915 731 980 nonnulla
753 937 790 979 ex
814 916 851 979 iis
870 914 1005 1000 placitis,
1029 937 1110 1000 quae

123 1029 166 1094 ab
180 1027 383 1092 humanitatis
399 1029 434 1093 iu
450 1029 523 1110 jure
544 1027 635 1093 erim.
654 1028 795 1113 patronis
817 1027 987 1112 praecipua
1005 1028 1111 1093 habits

124 1152 219 1216 sunt,
244 1163 271 1206 e.
293 1164 325 1227 g.
346 1142 411 1224 quir
438 1131 581 1204 meliores
607 1150 639 1202 et
659 1139 814 1204 feliciores
837 1141 899 1203 sint
921 1141 1049 1225 populi,
1073 1144 1110 1203 eb

37 1314 40 1317 .
126 1254 231 1317 minus
254 1253 399 1339 gravibus
425 1254 533 1337 poenis
559 1275 637 1337 opus
659 1274 738 1332 esse;
771 1252 990 1337 impunitatem
1013 1253 1112 1338 magis

125 1387 194 1428 esse
210 1364 395 1441 timendam,
418 1386 513 1451 quam
528 1366 687 1430 levitatem
703 1387 843 1450 poenae,
865 1376 927 1430 ete.
947 1362 1116 1428 Mensursi

87 1470 92 1481 “
125 1476 222 1541 etiam
233 1498 416 1565 poersansm
428 1497 506 1561 opus
518 1499 583 1541 esse
597 1478 641 1541 ait
652 1501 660 1556 ;
681 1478 808 1563 qualem
818 1478 895 1541 reris
902 1475 985 1566 hane
996 1474 1112 1559 cupiat,

128 1609 193 1653 nun
206 1591 347 1673 exponit,
373 1590 432 1653 nisi
449 1590 536 1675 quod
558 1589 728 1675 optandum
747 1600 872 1654 censeat
887 1589 922 1652 in
936 1609 993 1652 suo
1014 1587 1114 1672 quod·

127 1722 193 1786 que
219 1722 335 1787 genere
365 1701 473 1785 puniri
494 1712 672 1786 peccatum.
707 1702 817 1766 Meritis
842 1710 946 1765 autem
969 1699 1115 1765 laudatur

128 1810 191 1877 hoc
216 1812 384 1897 placitum:
408 1813 504 1877 »dum
531 1815 593 1877 rite
610 1814 751 1895 instituta
770 1814 810 1877 sit
828 1808 976 1877 mensura
998 1833 1114 1896 poena-

127 1945 220 2006 rum,
244 1924 324 1988 levia
342 1924 495 2006 supplicia
515 1924 647 2007 perinde
669 1925 773 1988 valere
801 1924 841 1987 ad
863 1924 1115 1998 absterrendum,

95 2100 99 2108 ,
127 2026 236 2121 atque·
257 2035 384 2120 gravia’'
409 2031 469 2121 (1).
512 2035 599 2099 Haeo
624 2036 729 2100 omnia
756 2035 957 2100 humanitatis
989 2036 1117 2101 consilia

128 2147 338 2212 democratiae
359 2157 391 2209 et
409 2145 610 2212 monarchiae
628 2148 764 2212 maxime
790 2167 930 2234 congrua
953 2148 1116 2213 existimat.

175 2257 261 2322 Alibi
291 2257 470 2323 libertatem
497 2260 560 2323 sive
589 2261 786 2326 securitatem
807 2260 923 2326 cisium
948 2260 1118 2345 periclitari

129 2370 241 2446 decet,
263 2369 288 2432 si
307 2379 425 2433 temere
441 2372 612 2454 puniantur
635 2393 671 2435 ea
690 2373 839 2448 erimina,
861 2371 900 2434 de
920 2373 1033 2457 quihus
1047 2351 1118 2436 'nun

130 2483 223 2547 facile
242 2492 378 2558 constat,
398 2483 503 2546 utrum
524 2483 687 2547 commissa
698 2483 827 2560 fuerint,
844 2504 955 2558 necne,
976 2494 1031 2546 aut
1041 2483 1119 2567 quid

131 2595 174 2659 ad
198 2616 235 2658 ea
255 2575 458 2658 'referendum
477 2593 531 2674 sit:
556 2594 663 2678 qualia
686 2605 760 2674 suut
779 2593 956 2669 haereseos,
979 2594 1118 2680 magiae,

133 2706 283 2772 nefandae
303 2707 445 2783 Veneris,
472 2706 639 2792 saerilegii;
668 2706 842 2792 dequibus
867 2706 1018 2770 disserens
1041 2727 1119 2770 snc-

133 2839 244 2894 csnru,
265 2840 301 2881 ex
323 2819 464 2904 ipsorum
485 2818 596 2883 naturai
620 2818 734 2903 repetit
751 2820 867 2904 placita
891 2840 945 2882 sua
965 2818 1004 2882 de
1025 2818 1120 2882 abro-

132 2930 244 3017 gandis
264 2931 486 3017 legibustune
506 2932 686 3017 vigentibus
708 2928 766 3020 (2)
802 2932 849 2995 De
874 2931 1035 2995 tormentis
1056 2954 1120 3017 non
1218 2919 1227 2927 ’

134 3042 289 3126 estquod
308 3042 463 3117 dieamus,
482 3042 598 3128 quippe
620 3063 701 3127 quae
721 3044 906 3127 improbirit
927 3044 1057 3128 quidem
1082 3046 1120 3109 A.
1200 3115 1202 3120 ,

55 3242 60 3259 s
134 3154 186 3231 N„
208 3153 286 3217 nihil
313 3164 417 3219 autem
439 3155 511 3216 novi
534 3153 574 3217 ad
597 3166 785 3240 argumenta
807 3155 875 3237 jam
892 3155 1011 3239 prolata
1028 3154 1123 3219 adtu-
1232 3183 1234 3187 ¹
1289 3203 1292 3210 f

131 3338 333 3347 ...ψ-..-

173 3456 213 3523 (1)
231 3460 265 3506 E.
284 3458 309 3505 d.
328 3459 358 3506 L.
377 3458 419 3506 VI.
437 3459 453 3504 t)
471 3457 536 3506 rubr.
565 3459 634 3520 »Qus
659 3457 683 3507 la
701 3459 801 3507 sivirite'
827 3457 868 3506 des
892 3460 974 3523 peiues
991 3460 1079 3508 tienti
1099 3462 1123 3509 la

137 3551 214 3597 forme
235 3548 266 3597 du
279 3535 494 3621 genvemement‚”
512 3550 575 3616 quod
586 3551 630 3600 Vi.
648 3552 680 3598 15
698 3551 805 3617 exemplo
822 3550 978 3601 Romanorum
994 3553 1124 3602 confirmat.

138 3653 245 3704 mporm
264 3640 307 3690 VI.
328 3641 437 3705 11,163
466 3639 522 3689 xlr.
542 3643 567 3688 4.
598 3641 698 3706 Egregie
717 3643 826 3692 V1.12=
852 3641 1032 3709 »L’exptrience
1049 3660 1063 3690 a
1081 3644 1126 3691 fait

137 3747 274 3798 remarquer
291 3748 336 3798 qne
356 3730 413 3780 dans
431 3732 466 3780 les
483 3748 554 3800 pays,
582 3736 613 3781 ori
636 3733 768 3798 lespeines
787 3732 956 3796 sentientes,
985 3732 1076 3797 l'esprit
1094 3733 1126 3781 du

97 3872 100 3879 ,
138 3825 235 3890 citoyen
252 3841 282 3872 en
299 3834 333 3872 est
353 3826 435 3889 srappt
454 3841 542 3874 comme
560 3825 578 3873 il
595 3823 650 3873 l’est
668 3823 764 3872 allieurs
781 3839 824 3887 par
842 3823 877 3870 les
894 3821 1018 3887 grandes.'’
1047 3822 1127 3872 Lenia

139 3926 219 3964 autem
237 3916 355 3982 supplicia
371 3926 492 3982 nuncupat
510 3917 603 3965 Francis
620 3925 645 3964 et
661 3915 747 3979 Aegiis
765 3924 821 3962 tune
839 3915 940 3977 usitata3
958 3930 1049 3975 suasa,
1070 3931 1128 3980 qna·

140 4008 172 4057 lia
190 4009 220 4058 de
236 4007 317 4058 Turris
334 4018 359 4058 et
376 4009 546 4074 liparensibus
563 4016 643 4056 narrat
659 4007 712 4056 XII.
732 4007 773 4055 17.

178 4100 216 4167 (θ)
234 4104 268 4153 Ε.
289 4101 315 4150 d.
332 4101 366 4149 L.
381 4101 435 4152 ΧΠ.
455 4104 479 4165 1,
498 4100 592 4162 6-12,
607 4100 717 4148 lfl—ls.
736 4097 792 4147 coll.
807 4095 931 4161 rurestri,
945 4096 1047 4158 fratri,
1058 4097 1072 4162 ᾗ
1084 4101 1135 4162 24,’

92 4194 95 4201 “
141 4196 184 4257 26,
201 4193 244 4260 ³0,
261 4194 307 4241 st.
331 4193 463 4255 verusne,
483 4194 573 4241 comm.
590 4207 636 4240 sur
652 4202 729 4255 rme,
747 4187 761 4254 ὗ
778 4189 855 4252 3-9,
875 4183 916 4252 15,
935 4188 979 4240 23.

931 4282 998 4341 12*
