<?xml version="1.0" encoding="UTF-8"?>
<!DOCTYPE html PUBLIC "-//W3C//DTD XHTML 1.0 Transitional//EN"
    "http://www.w3.org/TR/xhtml1/DTD/xhtml1-transitional.dtd">
<html xmlns="http://www.w3.org/1999/xhtml" xml:lang="en" lang="en">
 <head>
  <title>
</title>
<meta http-equiv="Content-Type" content="text/html;charset=utf-8" />
  <meta name='ocr-system' content='tesseract 3.04.00' />
  <meta name='ocr-capabilities' content='ocr_page ocr_carea ocr_par ocr_line ocrx_word'/>
</head>
<body>
  <div class='ocr_page' id='page_1' title='image "./speciminisinaug00heemgoog_0279.png"; bbox 0 0 2892 5042; ppageno 0'>
   <div class='ocr_carea' id='block_1_1' title="bbox 545 531 606 591">
    <p class='ocr_par' dir='ltr' id='par_1_1' title="bbox 545 531 606 591">
     <span class='ocr_line' id='line_1_1' title="bbox 545 531 606 591; baseline 0.033 -2"><span class='ocrx_word' id='word_1_1' title='bbox 545 531 606 591; x_wconf 80' lang='lat'>133</span> 
     </span>
    </p>
   </div>
   <div class='ocr_carea' id='block_1_2' title="bbox 1 706 1163 3373">
    <p class='ocr_par' dir='ltr' id='par_1_2' title="bbox 36 706 1069 793">
     <span class='ocr_line' id='line_1_2' title="bbox 36 706 1069 793; baseline 0 -23"><span class='ocrx_word' id='word_1_2' title='bbox 36 779 41 790; x_wconf 25' lang='lat'><strong><em>¹</em></strong></span> <span class='ocrx_word' id='word_1_3' title='bbox 132 706 190 771; x_wconf 83' lang='lat' dir='ltr'>Cui</span> <span class='ocrx_word' id='word_1_4' title='bbox 210 708 382 772; x_wconf 87' lang='lat' dir='ltr'>sententiae</span> <span class='ocrx_word' id='word_1_5' title='bbox 397 707 562 774; x_wconf 72' lang='lat' dir='ltr'>&#39;adversati</span> <span class='ocrx_word' id='word_1_6' title='bbox 586 720 658 772; x_wconf 86' lang='lat' dir='ltr'>sunt</span> <span class='ocrx_word' id='word_1_7' title='bbox 676 709 828 793; x_wconf 74' lang='lat' dir='ltr'>praeclari</span> <span class='ocrx_word' id='word_1_8' title='bbox 846 709 909 773; x_wconf 89' lang='lat' dir='ltr'>duo</span> <span class='ocrx_word' id='word_1_9' title='bbox 930 709 1069 793; x_wconf 86' lang='lat' dir='ltr'>scripto·</span> 
     </span>
    </p>

    <p class='ocr_par' dir='ltr' id='par_1_3' title="bbox 83 818 1071 1130">
     <span class='ocr_line' id='line_1_3' title="bbox 83 818 1071 904; baseline 0.002 -26"><span class='ocrx_word' id='word_1_10' title='bbox 83 839 153 895; x_wconf 83' lang='lat' dir='ltr'>res,</span> <span class='ocrx_word' id='word_1_11' title='bbox 177 843 296 885; x_wconf 82' lang='lat' dir='ltr'>usurus</span> <span class='ocrx_word' id='word_1_12' title='bbox 323 832 354 884; x_wconf 87' lang='lat' dir='ltr'>ct</span> <span class='ocrx_word' id='word_1_13' title='bbox 377 841 549 885; x_wconf 78' lang='lat' dir='ltr'>vosnsros.</span> <span class='ocrx_word' id='word_1_14' title='bbox 589 823 732 903; x_wconf 86' lang='lat' dir='ltr'>Quorum</span> <span class='ocrx_word' id='word_1_15' title='bbox 752 820 805 886; x_wconf 91' lang='lat' dir='ltr'>hic</span> <span class='ocrx_word' id='word_1_16' title='bbox 827 818 977 904; x_wconf 78' lang='lat' dir='ltr'>imprimis</span> <span class='ocrx_word' id='word_1_17' title='bbox 998 840 1071 904; x_wconf 87' lang='lat' dir='ltr'>spe-</span> 
     </span>
     <span class='ocr_line' id='line_1_4' title="bbox 86 929 1071 1019; baseline 0 -28"><span class='ocrx_word' id='word_1_18' title='bbox 86 929 169 993; x_wconf 90' lang='lat' dir='ltr'>cioso</span> <span class='ocrx_word' id='word_1_19' title='bbox 191 935 289 1015; x_wconf 70' lang='lat' dir='ltr'>utitur</span> <span class='ocrx_word' id='word_1_20' title='bbox 309 944 509 1018; x_wconf 88' lang='lat' dir='ltr'>argumento:</span> <span class='ocrx_word' id='word_1_21' title='bbox 541 933 619 1019; x_wconf 83' lang='lat' dir='ltr'>»qul</span> <span class='ocrx_word' id='word_1_22' title='bbox 639 934 723 998; x_wconf 88' lang='lat' dir='ltr'>eninr</span> <span class='ocrx_word' id='word_1_23' title='bbox 732 939 765 1016; x_wconf 85' lang='lat'>,’&#39;</span> <span class='ocrx_word' id='word_1_24' title='bbox 787 934 909 1018; x_wconf 88' lang='lat' dir='ltr'>inquit,</span> <span class='ocrx_word' id='word_1_25' title='bbox 940 930 1071 996; x_wconf 76' lang='lat' dir='ltr'>»eadem</span> 
     </span>
     <span class='ocr_line' id='line_1_5' title="bbox 86 1044 1068 1130; baseline 0.001 -26"><span class='ocrx_word' id='word_1_26' title='bbox 86 1044 163 1105; x_wconf 88' lang='lat' dir='ltr'>coeli</span> <span class='ocrx_word' id='word_1_27' title='bbox 192 1046 358 1128; x_wconf 84' lang='lat' dir='ltr'>temperies</span> <span class='ocrx_word' id='word_1_28' title='bbox 381 1055 412 1107; x_wconf 91' lang='lat' dir='ltr'>et</span> <span class='ocrx_word' id='word_1_29' title='bbox 431 1045 568 1108; x_wconf 85' lang='lat' dir='ltr'>subditos</span> <span class='ocrx_word' id='word_1_30' title='bbox 584 1047 722 1110; x_wconf 89' lang='lat' dir='ltr'>molliter</span> <span class='ocrx_word' id='word_1_31' title='bbox 744 1044 888 1122; x_wconf 86' lang='lat' dir='ltr'>obedire,</span> <span class='ocrx_word' id='word_1_32' title='bbox 910 1055 942 1107; x_wconf 87' lang='lat' dir='ltr'>et</span> <span class='ocrx_word' id='word_1_33' title='bbox 958 1054 1068 1130; x_wconf 76' lang='lat' dir='ltr'>tyran-</span> 
     </span>
    </p>

    <p class='ocr_par' dir='ltr' id='par_1_4' title="bbox 85 1140 747 1244">
     <span class='ocr_line' id='line_1_6' title="bbox 85 1140 747 1244; baseline 0.003 -27"><span class='ocrx_word' id='word_1_34' title='bbox 85 1140 169 1217; x_wconf 23' lang='lat' dir='ltr'>num*</span> <span class='ocrx_word' id='word_1_35' title='bbox 181 1156 303 1219; x_wconf 82' lang='lat' dir='ltr'>fortiter</span> <span class='ocrx_word' id='word_1_36' title='bbox 321 1155 474 1239; x_wconf 86' lang='lat' dir='ltr'>imperare</span> <span class='ocrx_word' id='word_1_37' title='bbox 495 1157 649 1221; x_wconf 83' lang='lat' dir='ltr'>doceat?”</span> <span class='ocrx_word' id='word_1_38' title='bbox 675 1156 747 1244; x_wconf 84' lang='lat'><strong>(1).</strong></span> 
     </span>
    </p>

    <p class='ocr_par' dir='ltr' id='par_1_5' title="bbox 42 1267 1163 1570">
     <span class='ocr_line' id='line_1_7' title="bbox 42 1267 1071 1355; baseline -0.004 -21"><span class='ocrx_word' id='word_1_39' title='bbox 42 1331 45 1334; x_wconf 81' lang='grc'>,</span> <span class='ocrx_word' id='word_1_40' title='bbox 91 1304 92 1307; x_wconf 35' lang='lat'>¹</span> <span class='ocrx_word' id='word_1_41' title='bbox 126 1267 368 1345; x_wconf 85' lang='lat' dir='ltr'>Venimtamen,</span> <span class='ocrx_word' id='word_1_42' title='bbox 392 1268 476 1353; x_wconf 90' lang='lat' dir='ltr'>quod</span> <span class='ocrx_word' id='word_1_43' title='bbox 503 1268 543 1332; x_wconf 91' lang='lat' dir='ltr'>ad</span> <span class='ocrx_word' id='word_1_44' title='bbox 570 1270 674 1333; x_wconf 82' lang='lat' dir='ltr'>Asiam</span> <span class='ocrx_word' id='word_1_45' title='bbox 698 1272 823 1347; x_wconf 88' lang='lat' dir='ltr'>saltem,</span> <span class='ocrx_word' id='word_1_46' title='bbox 854 1270 969 1355; x_wconf 90' lang='lat' dir='ltr'>optime</span> <span class='ocrx_word' id='word_1_47' title='bbox 994 1267 1071 1331; x_wconf 87' lang='lat' dir='ltr'>haec</span> 
     </span>
     <span class='ocr_line' id='line_1_8' title="bbox 83 1374 1163 1466; baseline 0.001 -26"><span class='ocrx_word' id='word_1_48' title='bbox 83 1374 243 1443; x_wconf 72' lang='lat' dir='ltr'>conciliiri</span> <span class='ocrx_word' id='word_1_49' title='bbox 264 1402 353 1464; x_wconf 88' lang='lat' dir='ltr'>posse</span> <span class='ocrx_word' id='word_1_50' title='bbox 370 1380 530 1460; x_wconf 60' lang='lat' dir='ltr'>videntum</span> <span class='ocrx_word' id='word_1_51' title='bbox 559 1376 637 1445; x_wconf 81' lang='lat' dir='ltr'>nam</span> <span class='ocrx_word' id='word_1_52' title='bbox 664 1382 867 1466; x_wconf 88' lang='lat' dir='ltr'>imperiorum</span> <span class='ocrx_word' id='word_1_53' title='bbox 894 1379 1069 1445; x_wconf 88' lang='lat' dir='ltr'>conditores</span> <span class='ocrx_word' id='word_1_54' title='bbox 1152 1447 1163 1462; x_wconf 30' lang='lat' dir='ltr'>x</span> 
     </span>
     <span class='ocr_line' id='line_1_9' title="bbox 75 1489 1070 1570; baseline 0.002 -20"><span class='ocrx_word' id='word_1_55' title='bbox 75 1489 115 1551; x_wconf 82' lang='lat' dir='ltr'>in</span> <span class='ocrx_word' id='word_1_56' title='bbox 143 1491 251 1568; x_wconf 73' lang='lat' dir='ltr'>lodii,</span> <span class='ocrx_word' id='word_1_57' title='bbox 284 1492 403 1569; x_wconf 69' lang='lat' dir='ltr'>Persii,</span> <span class='ocrx_word' id='word_1_58' title='bbox 427 1493 499 1556; x_wconf 77' lang='lat' dir='ltr'>Asia</span> <span class='ocrx_word' id='word_1_59' title='bbox 528 1489 639 1556; x_wconf 85' lang='lat' dir='ltr'>Minori</span> <span class='ocrx_word' id='word_1_60' title='bbox 645 1542 654 1570; x_wconf 91' lang='lat'>,</span> <span class='ocrx_word' id='word_1_61' title='bbox 682 1495 790 1558; x_wconf 88' lang='lat' dir='ltr'>cuncti</span> <span class='ocrx_word' id='word_1_62' title='bbox 813 1493 953 1557; x_wconf 77' lang='lat' dir='ltr'>bellicosi</span> <span class='ocrx_word' id='word_1_63' title='bbox 981 1491 1070 1555; x_wconf 81' lang='lat' dir='ltr'>ludre</span> 
     </span>
    </p>

    <p class='ocr_par' dir='ltr' id='par_1_6' title="bbox 58 1591 1125 2785">
     <span class='ocr_line' id='line_1_10' title="bbox 58 1591 1095 1693; baseline 0.003 -29"><span class='ocrx_word' id='word_1_64' title='bbox 58 1682 59 1685; x_wconf 7' lang='grc' dir='ltr'><strong>Ἴ</strong></span> <span class='ocrx_word' id='word_1_65' title='bbox 82 1591 224 1666; x_wconf 82' lang='lat' dir='ltr'>homines</span> <span class='ocrx_word' id='word_1_66' title='bbox 248 1625 284 1667; x_wconf 79' lang='lat' dir='ltr'>ex</span> <span class='ocrx_word' id='word_1_67' title='bbox 307 1603 378 1666; x_wconf 90' lang='lat' dir='ltr'>rudi</span> <span class='ocrx_word' id='word_1_68' title='bbox 398 1603 453 1668; x_wconf 74' lang='lat' dir='ltr'>illd</span> <span class='ocrx_word' id='word_1_69' title='bbox 468 1603 594 1691; x_wconf 74' lang='lat' dir='ltr'>Scythia</span> <span class='ocrx_word' id='word_1_70' title='bbox 614 1616 646 1667; x_wconf 90' lang='lat' dir='ltr'>et</span> <span class='ocrx_word' id='word_1_71' title='bbox 665 1605 816 1669; x_wconf 74' lang='lat' dir='ltr'>Sarmatid</span> <span class='ocrx_word' id='word_1_72' title='bbox 837 1603 980 1693; x_wconf 83' lang='lat' dir='ltr'>(Mogoli,</span> <span class='ocrx_word' id='word_1_73' title='bbox 1007 1605 1095 1667; x_wconf 83' lang='lat' dir='ltr'>Ta-·</span> 
     </span>
     <span class='ocr_line' id='line_1_11' title="bbox 82 1714 1095 1804; baseline 0.004 -29"><span class='ocrx_word' id='word_1_74' title='bbox 82 1725 177 1793; x_wconf 75' lang='lat' dir='ltr'>lares,</span> <span class='ocrx_word' id='word_1_75' title='bbox 193 1717 320 1794; x_wconf 87' lang='lat' dir='ltr'>Hunni,</span> <span class='ocrx_word' id='word_1_76' title='bbox 344 1714 460 1794; x_wconf 80' lang='lat' dir='ltr'>Parthi,</span> <span class='ocrx_word' id='word_1_77' title='bbox 485 1714 724 1804; x_wconf 88' lang='lat' dir='ltr'>Turcomauni);</span> <span class='ocrx_word' id='word_1_78' title='bbox 749 1718 864 1803; x_wconf 87' lang='lat' dir='ltr'>quihus</span> <span class='ocrx_word' id='word_1_79' title='bbox 880 1719 1095 1802; x_wconf 68' lang='lat' dir='ltr'>plerumque</span> 
     </span>
     <span class='ocr_line' id='line_1_12' title="bbox 81 1829 1068 1913; baseline 0.006 -26"><span class='ocrx_word' id='word_1_80' title='bbox 81 1847 145 1889; x_wconf 91' lang='lat' dir='ltr'>uuo</span> <span class='ocrx_word' id='word_1_81' title='bbox 166 1830 288 1913; x_wconf 87' lang='lat' dir='ltr'>praelio</span> <span class='ocrx_word' id='word_1_82' title='bbox 307 1829 503 1894; x_wconf 68' lang='lat' dir='ltr'>succubuere</span> <span class='ocrx_word' id='word_1_83' title='bbox 522 1831 647 1907; x_wconf 87' lang='lat' dir='ltr'>molles,</span> <span class='ocrx_word' id='word_1_84' title='bbox 671 1832 819 1895; x_wconf 87' lang='lat' dir='ltr'>cultiores</span> <span class='ocrx_word' id='word_1_85' title='bbox 837 1842 868 1894; x_wconf 88' lang='lat' dir='ltr'>et</span> <span class='ocrx_word' id='word_1_86' title='bbox 885 1832 942 1896; x_wconf 85' lang='lat' dir='ltr'>otii</span> <span class='ocrx_word' id='word_1_87' title='bbox 956 1852 1068 1894; x_wconf 86' lang='lat' dir='ltr'>aman-</span> 
     </span>
     <span class='ocr_line' id='line_1_13' title="bbox 81 1940 1074 2027; baseline 0.007 -29"><span class='ocrx_word' id='word_1_88' title='bbox 81 1947 141 2015; x_wconf 88' lang='lat' dir='ltr'>tes,</span> <span class='ocrx_word' id='word_1_89' title='bbox 165 1963 192 2004; x_wconf 89' lang='lat' dir='ltr'>e.</span> <span class='ocrx_word' id='word_1_90' title='bbox 209 1963 238 2024; x_wconf 87' lang='lat' dir='ltr'>g.</span> <span class='ocrx_word' id='word_1_91' title='bbox 262 1941 391 2016; x_wconf 88' lang='lat' dir='ltr'>Persae,</span> <span class='ocrx_word' id='word_1_92' title='bbox 414 1940 489 2005; x_wconf 87' lang='lat' dir='ltr'>alibi</span> <span class='ocrx_word' id='word_1_93' title='bbox 505 1941 720 2027; x_wconf 80' lang='lat' dir='ltr'>Alghanistae,</span> <span class='ocrx_word' id='word_1_94' title='bbox 736 1941 890 2021; x_wconf 90' lang='lat' dir='ltr'>Birmaui,</span> <span class='ocrx_word' id='word_1_95' title='bbox 914 1941 1074 2027; x_wconf 71' lang='lat' dir='ltr'>Peguani,</span> 
     </span>
     <span class='ocr_line' id='line_1_14' title="bbox 81 2042 1070 2139; baseline 0.005 -27"><span class='ocrx_word' id='word_1_96' title='bbox 81 2042 111 2112; x_wconf 87' lang='lat' dir='ltr'>et</span> <span class='ocrx_word' id='word_1_97' title='bbox 127 2050 323 2115; x_wconf 83' lang='lat' dir='ltr'>effeminatae</span> <span class='ocrx_word' id='word_1_98' title='bbox 341 2063 448 2137; x_wconf 85' lang='lat' dir='ltr'>gentes</span> <span class='ocrx_word' id='word_1_99' title='bbox 460 2052 585 2119; x_wconf 75' lang='lat' dir='ltr'>Minoris</span> <span class='ocrx_word' id='word_1_100' title='bbox 601 2052 700 2116; x_wconf 79' lang='lat' dir='ltr'>Asiae.</span> <span class='ocrx_word' id='word_1_101' title='bbox 728 2052 807 2116; x_wconf 84' lang='lat' dir='ltr'>Dein</span> <span class='ocrx_word' id='word_1_102' title='bbox 827 2053 973 2117; x_wconf 87' lang='lat' dir='ltr'>mollities</span> <span class='ocrx_word' id='word_1_103' title='bbox 994 2056 1070 2139; x_wconf 87' lang='lat' dir='ltr'>qui-</span> 
     </span>
     <span class='ocr_line' id='line_1_15' title="bbox 80 2161 1070 2250; baseline 0.006 -26"><span class='ocrx_word' id='word_1_104' title='bbox 80 2161 151 2225; x_wconf 89' lang='lat' dir='ltr'>dem</span> <span class='ocrx_word' id='word_1_105' title='bbox 172 2162 287 2227; x_wconf 84' lang='lat' dir='ltr'>sensim</span> <span class='ocrx_word' id='word_1_106' title='bbox 307 2164 438 2227; x_wconf 82' lang='lat' dir='ltr'>victores</span> <span class='ocrx_word' id='word_1_107' title='bbox 460 2174 491 2228; x_wconf 90' lang='lat' dir='ltr'>et</span> <span class='ocrx_word' id='word_1_108' title='bbox 511 2165 697 2250; x_wconf 72' lang='lat' dir='ltr'>imperantes</span> <span class='ocrx_word' id='word_1_109' title='bbox 722 2186 825 2250; x_wconf 89' lang='lat' dir='ltr'>aeque</span> <span class='ocrx_word' id='word_1_110' title='bbox 847 2166 1011 2250; x_wconf 85' lang='lat' dir='ltr'>occupavit</span> <span class='ocrx_word' id='word_1_111' title='bbox 1032 2188 1070 2230; x_wconf 88' lang='lat' dir='ltr'>ac</span> 
     </span>
     <span class='ocr_line' id='line_1_16' title="bbox 80 2269 1070 2363; baseline 0.003 -25"><span class='ocrx_word' id='word_1_112' title='bbox 80 2269 235 2355; x_wconf 83' lang='lat' dir='ltr'>subditos3</span> <span class='ocrx_word' id='word_1_113' title='bbox 271 2286 302 2340; x_wconf 93' lang='lat' dir='ltr'>at</span> <span class='ocrx_word' id='word_1_114' title='bbox 329 2276 388 2340; x_wconf 94' lang='lat' dir='ltr'>hae</span> <span class='ocrx_word' id='word_1_115' title='bbox 419 2287 525 2362; x_wconf 84' lang='lat' dir='ltr'>gentes</span> <span class='ocrx_word' id='word_1_116' title='bbox 554 2275 633 2342; x_wconf 88' lang='lat' dir='ltr'>adeo</span> <span class='ocrx_word' id='word_1_117' title='bbox 656 2300 766 2363; x_wconf 87' lang='lat' dir='ltr'>segnes</span> <span class='ocrx_word' id='word_1_118' title='bbox 796 2288 828 2341; x_wconf 86' lang='lat' dir='ltr'>et</span> <span class='ocrx_word' id='word_1_119' title='bbox 853 2298 981 2342; x_wconf 85' lang='lat' dir='ltr'>securae</span> <span class='ocrx_word' id='word_1_120' title='bbox 1004 2299 1070 2342; x_wconf 85' lang='lat' dir='ltr'>esse</span> 
     </span>
     <span class='ocr_line' id='line_1_17' title="bbox 82 2388 1069 2472; baseline 0.004 -26"><span class='ocrx_word' id='word_1_121' title='bbox 82 2388 200 2465; x_wconf 86' lang='lat' dir='ltr'>solent,</span> <span class='ocrx_word' id='word_1_122' title='bbox 224 2388 414 2470; x_wconf 91' lang='lat' dir='ltr'>utpoliticis</span> <span class='ocrx_word' id='word_1_123' title='bbox 433 2388 656 2451; x_wconf 85' lang='lat' dir='ltr'>mutationibus</span> <span class='ocrx_word' id='word_1_124' title='bbox 678 2408 804 2472; x_wconf 74' lang='lat' dir='ltr'>operam</span> <span class='ocrx_word' id='word_1_125' title='bbox 823 2411 939 2453; x_wconf 85' lang='lat' dir='ltr'>navare</span> <span class='ocrx_word' id='word_1_126' title='bbox 960 2390 1069 2453; x_wconf 87' lang='lat' dir='ltr'>multis</span> 
     </span>
     <span class='ocr_line' id='line_1_18' title="bbox 82 2497 1068 2583; baseline 0.002 -23"><span class='ocrx_word' id='word_1_127' title='bbox 82 2519 122 2561; x_wconf 93' lang='lat' dir='ltr'>ne</span> <span class='ocrx_word' id='word_1_128' title='bbox 141 2499 175 2561; x_wconf 93' lang='lat' dir='ltr'>in</span> <span class='ocrx_word' id='word_1_129' title='bbox 197 2507 338 2559; x_wconf 83' lang='lat' dir='ltr'>mentem</span> <span class='ocrx_word' id='word_1_130' title='bbox 357 2497 485 2583; x_wconf 88' lang='lat' dir='ltr'>quidem</span> <span class='ocrx_word' id='word_1_131' title='bbox 507 2498 624 2574; x_wconf 80' lang='lat' dir='ltr'>veniat,</span> <span class='ocrx_word' id='word_1_132' title='bbox 649 2497 728 2561; x_wconf 87' lang='lat' dir='ltr'>aliae</span> <span class='ocrx_word' id='word_1_133' title='bbox 747 2497 910 2565; x_wconf 86' lang='lat' dir='ltr'>domiuum</span> <span class='ocrx_word' id='word_1_134' title='bbox 928 2510 1068 2573; x_wconf 86' lang='lat' dir='ltr'>mutent,</span> 
     </span>
     <span class='ocr_line' id='line_1_19' title="bbox 81 2606 1125 2693; baseline -0.004 -22"><span class='ocrx_word' id='word_1_135' title='bbox 81 2630 145 2671; x_wconf 86' lang='lat' dir='ltr'>non</span> <span class='ocrx_word' id='word_1_136' title='bbox 164 2606 409 2671; x_wconf 85' lang='lat' dir='ltr'>dominationem</span> <span class='ocrx_word' id='word_1_137' title='bbox 432 2617 590 2685; x_wconf 88' lang='lat' dir='ltr'>evertant,</span> <span class='ocrx_word' id='word_1_138' title='bbox 613 2608 677 2693; x_wconf 74' lang='lat' dir='ltr'>qud</span> <span class='ocrx_word' id='word_1_139' title='bbox 696 2608 764 2690; x_wconf 87' lang='lat' dir='ltr'>jam</span> <span class='ocrx_word' id='word_1_140' title='bbox 789 2607 909 2675; x_wconf 89' lang='lat' dir='ltr'>dudum</span> <span class='ocrx_word' id='word_1_141' title='bbox 932 2628 1069 2692; x_wconf 84' lang='lat' dir='ltr'>corrup·</span> <span class='ocrx_word' id='word_1_142' title='bbox 1119 2658 1125 2667; x_wconf 28' lang='lat' dir='ltr'>i</span> 
     </span>
     <span class='ocr_line' id='line_1_20' title="bbox 82 2731 292 2785; baseline 0.01 -4"><span class='ocrx_word' id='word_1_143' title='bbox 82 2731 132 2784; x_wconf 87' lang='lat' dir='ltr'>tae</span> <span class='ocrx_word' id='word_1_144' title='bbox 156 2731 239 2785; x_wconf 90' lang='lat' dir='ltr'>sunt.</span> <span class='ocrx_word' id='word_1_145' title='bbox 287 2744 292 2755; x_wconf 62' lang='lat'><strong><em>⁴</em></strong></span> 
     </span>
    </p>

    <p class='ocr_par' dir='ltr' id='par_1_7' title="bbox 82 2832 1081 3256">
     <span class='ocr_line' id='line_1_21' title="bbox 126 2832 1081 2922; baseline 0.006 -28"><span class='ocrx_word' id='word_1_146' title='bbox 126 2833 218 2897; x_wconf 87' lang='lat' dir='ltr'>Patet</span> <span class='ocrx_word' id='word_1_147' title='bbox 239 2833 382 2918; x_wconf 88' lang='lat' dir='ltr'>inprimis</span> <span class='ocrx_word' id='word_1_148' title='bbox 405 2854 442 2897; x_wconf 84' lang='lat' dir='ltr'>ex</span> <span class='ocrx_word' id='word_1_149' title='bbox 463 2832 570 2898; x_wconf 86' lang='lat' dir='ltr'>Indiae</span> <span class='ocrx_word' id='word_1_150' title='bbox 584 2835 735 2921; x_wconf 80' lang='lat' dir='ltr'>Anglicae</span> <span class='ocrx_word' id='word_1_151' title='bbox 755 2832 1081 2922; x_wconf 51' lang='lat' dir='ltr'>conditionesquam·</span> 
     </span>
     <span class='ocr_line' id='line_1_22' title="bbox 84 2945 1071 3032; baseline 0.005 -25"><span class='ocrx_word' id='word_1_152' title='bbox 84 2946 209 3032; x_wconf 89' lang='lat' dir='ltr'>egregie</span> <span class='ocrx_word' id='word_1_153' title='bbox 237 2945 277 3009; x_wconf 91' lang='lat' dir='ltr'>de</span> <span class='ocrx_word' id='word_1_154' title='bbox 305 2946 371 3029; x_wconf 87' lang='lat' dir='ltr'>ejus</span> <span class='ocrx_word' id='word_1_155' title='bbox 397 2946 532 3031; x_wconf 88' lang='lat' dir='ltr'>regionis</span> <span class='ocrx_word' id='word_1_156' title='bbox 561 2947 672 3012; x_wconf 89' lang='lat' dir='ltr'>incolis</span> <span class='ocrx_word' id='word_1_157' title='bbox 691 2948 842 3031; x_wconf 77' lang='lat' dir='ltr'>judicdrit</span> <span class='ocrx_word' id='word_1_158' title='bbox 862 2949 901 3014; x_wconf 77' lang='lat' dir='ltr'>A.</span> <span class='ocrx_word' id='word_1_159' title='bbox 919 2951 973 3026; x_wconf 67' lang='lat' dir='ltr'>ll„</span> <span class='ocrx_word' id='word_1_160' title='bbox 996 2970 1071 3013; x_wconf 87' lang='lat' dir='ltr'>nam</span> 
     </span>
     <span class='ocr_line' id='line_1_23' title="bbox 82 3058 1069 3143; baseline 0 -22"><span class='ocrx_word' id='word_1_161' title='bbox 82 3058 259 3140; x_wconf 86' lang='lat' dir='ltr'>complures</span> <span class='ocrx_word' id='word_1_162' title='bbox 278 3069 444 3141; x_wconf 85' lang='lat' dir='ltr'>narrantur</span> <span class='ocrx_word' id='word_1_163' title='bbox 460 3068 567 3142; x_wconf 86' lang='lat' dir='ltr'>gentes</span> <span class='ocrx_word' id='word_1_164' title='bbox 582 3059 627 3119; x_wconf 92' lang='lat' dir='ltr'>ihi</span> <span class='ocrx_word' id='word_1_165' title='bbox 646 3059 752 3121; x_wconf 79' lang='lat' dir='ltr'>several</span> <span class='ocrx_word' id='word_1_166' title='bbox 773 3060 899 3141; x_wconf 89' lang='lat' dir='ltr'>politico</span> <span class='ocrx_word' id='word_1_167' title='bbox 916 3059 1069 3143; x_wconf 90' lang='lat' dir='ltr'>regimine</span> 
     </span>
     <span class='ocr_line' id='line_1_24' title="bbox 82 3164 1072 3256; baseline -0.002 -24"><span class='ocrx_word' id='word_1_168' title='bbox 82 3189 189 3232; x_wconf 87' lang='lat' dir='ltr'>carere</span> <span class='ocrx_word' id='word_1_169' title='bbox 222 3164 290 3252; x_wconf 87' lang='lat' dir='ltr'>(ubi</span> <span class='ocrx_word' id='word_1_170' title='bbox 316 3189 342 3231; x_wconf 92' lang='lat' dir='ltr'>e.</span> <span class='ocrx_word' id='word_1_171' title='bbox 367 3191 397 3253; x_wconf 86' lang='lat' dir='ltr'>g.</span> <span class='ocrx_word' id='word_1_172' title='bbox 429 3177 547 3251; x_wconf 90' lang='lat' dir='ltr'>septem</span> <span class='ocrx_word' id='word_1_173' title='bbox 572 3167 719 3232; x_wconf 81' lang='lat' dir='ltr'>decemve</span> <span class='ocrx_word' id='word_1_174' title='bbox 750 3169 846 3254; x_wconf 83' lang='lat' dir='ltr'>Angli</span> <span class='ocrx_word' id='word_1_175' title='bbox 876 3169 1072 3256; x_wconf 76' lang='lat' dir='ltr'>magistratus</span> 
     </span>
    </p>

    <p class='ocr_par' dir='ltr' id='par_1_8' title="bbox 1 3264 1111 3373">
     <span class='ocr_line' id='line_1_25' title="bbox 1 3268 1111 3373; baseline 0.003 -32"><span class='ocrx_word' id='word_1_176' title='bbox 1 3319 9 3365; x_wconf 55' lang='lat'>“.</span> <span class='ocrx_word' id='word_1_177' title='bbox 79 3268 307 3373; x_wconf 80' lang='lat' dir='ltr'>praeficiuntur</span> <span class='ocrx_word' id='word_1_178' title='bbox 322 3279 428 3342; x_wconf 89' lang='lat' dir='ltr'>multis</span> <span class='ocrx_word' id='word_1_179' title='bbox 440 3278 578 3342; x_wconf 89' lang='lat' dir='ltr'>millibus</span> <span class='ocrx_word' id='word_1_180' title='bbox 594 3279 754 3357; x_wconf 89' lang='lat' dir='ltr'>Indorum,</span> <span class='ocrx_word' id='word_1_181' title='bbox 767 3303 827 3345; x_wconf 90' lang='lat' dir='ltr'>nec</span> <span class='ocrx_word' id='word_1_182' title='bbox 841 3282 949 3365; x_wconf 90' lang='lat' dir='ltr'>copiae</span> <span class='ocrx_word' id='word_1_183' title='bbox 968 3282 1069 3344; x_wconf 84' lang='lat' dir='ltr'>Euro—</span> <span class='ocrx_word' id='word_1_184' title='bbox 1106 3318 1111 3321; x_wconf 61' lang='lat'><em>„</em></span> 
     </span>
    </p>
   </div>
   <div class='ocr_carea' id='block_1_3' title="bbox 81 3389 1071 3483">
    <p class='ocr_par' dir='ltr' id='par_1_9' title="bbox 81 3389 1071 3483">
     <span class='ocr_line' id='line_1_26' title="bbox 81 3389 1071 3483; baseline 0.002 -28"><span class='ocrx_word' id='word_1_185' title='bbox 81 3414 160 3476; x_wconf 87' lang='lat' dir='ltr'>peae</span> <span class='ocrx_word' id='word_1_186' title='bbox 184 3390 341 3483; x_wconf 76' lang='lat' dir='ltr'>habentur</span> <span class='ocrx_word' id='word_1_187' title='bbox 363 3391 402 3456; x_wconf 93' lang='lat' dir='ltr'>ad</span> <span class='ocrx_word' id='word_1_188' title='bbox 422 3414 472 3455; x_wconf 88' lang='lat' dir='ltr'>eos</span> <span class='ocrx_word' id='word_1_189' title='bbox 496 3389 665 3478; x_wconf 88' lang='lat' dir='ltr'>cogendos)</span> <span class='ocrx_word' id='word_1_190' title='bbox 684 3393 741 3477; x_wconf 91' lang='lat' dir='ltr'>qui</span> <span class='ocrx_word' id='word_1_191' title='bbox 764 3404 869 3457; x_wconf 90' lang='lat' dir='ltr'>tamon</span> <span class='ocrx_word' id='word_1_192' title='bbox 887 3393 993 3478; x_wconf 86' lang='lat' dir='ltr'>paucis</span> <span class='ocrx_word' id='word_1_193' title='bbox 1010 3393 1071 3459; x_wconf 86' lang='lat' dir='ltr'>illis</span> 
     </span>
    </p>
   </div>
   <div class='ocr_carea' id='block_1_4' title="bbox 5 3505 1070 3593">
    <p class='ocr_par' dir='ltr' id='par_1_10' title="bbox 5 3505 1070 3593">
     <span class='ocr_line' id='line_1_27' title="bbox 5 3505 1070 3593; baseline 0 -25"><span class='ocrx_word' id='word_1_194' title='bbox 5 3581 7 3585; x_wconf 89' lang='lat'>.</span> <span class='ocrx_word' id='word_1_195' title='bbox 80 3505 254 3591; x_wconf 78' lang='lat' dir='ltr'>peregrinis</span> <span class='ocrx_word' id='word_1_196' title='bbox 265 3516 419 3589; x_wconf 88' lang='lat' dir='ltr'>parerent,</span> <span class='ocrx_word' id='word_1_197' title='bbox 430 3515 461 3568; x_wconf 90' lang='lat' dir='ltr'>et</span> <span class='ocrx_word' id='word_1_198' title='bbox 472 3527 565 3570; x_wconf 85' lang='lat' dir='ltr'>onera</span> <span class='ocrx_word' id='word_1_199' title='bbox 575 3506 691 3593; x_wconf 80' lang='lat' dir='ltr'>ferrent</span> <span class='ocrx_word' id='word_1_200' title='bbox 703 3506 840 3572; x_wconf 86' lang='lat' dir='ltr'>societati</span> <span class='ocrx_word' id='word_1_201' title='bbox 849 3507 985 3585; x_wconf 88' lang='lat' dir='ltr'>Indicae,</span> <span class='ocrx_word' id='word_1_202' title='bbox 997 3507 1070 3573; x_wconf 88' lang='lat' dir='ltr'>licet</span> 
     </span>
    </p>
   </div>
   <div class='ocr_carea' id='block_1_5' title="bbox 79 3668 317 3681">
    <p class='ocr_par' dir='ltr' id='par_1_11' title="bbox 79 3668 317 3681">
     <span class='ocr_line' id='line_1_28' title="bbox 79 3668 317 3681; baseline 0 0"><span class='ocrx_word' id='word_1_203' title='bbox 79 3668 317 3681; x_wconf 54' lang='lat' dir='ltr'>*n-——ou-</span> 
     </span>
    </p>
   </div>
   <div class='ocr_carea' id='block_1_6' title="bbox 81 3746 1069 4275">
    <p class='ocr_par' dir='ltr' id='par_1_12' title="bbox 81 3746 1069 4000">
     <span class='ocr_line' id='line_1_29' title="bbox 82 3746 1069 3813; baseline -0.003 -16"><span class='ocrx_word' id='word_1_204' title='bbox 82 3748 157 3799; x_wconf 85' lang='lat' dir='ltr'>durch</span> <span class='ocrx_word' id='word_1_205' title='bbox 180 3752 244 3799; x_wconf 78' lang='lat' dir='ltr'>scine</span> <span class='ocrx_word' id='word_1_206' title='bbox 265 3750 343 3799; x_wconf 78' lang='lat' dir='ltr'>Kunst</span> <span class='ocrx_word' id='word_1_207' title='bbox 359 3752 408 3801; x_wconf 88' lang='lat' dir='ltr'>und</span> <span class='ocrx_word' id='word_1_208' title='bbox 425 3751 521 3813; x_wconf 86' lang='lat' dir='ltr'>Cultur,</span> <span class='ocrx_word' id='word_1_209' title='bbox 546 3769 571 3800; x_wconf 90' lang='lat' dir='ltr'>so</span> <span class='ocrx_word' id='word_1_210' title='bbox 589 3752 692 3800; x_wconf 77' lang='lat' dir='ltr'>viellech</span> <span class='ocrx_word' id='word_1_211' title='bbox 709 3752 748 3800; x_wconf 86' lang='lat' dir='ltr'>die</span> <span class='ocrx_word' id='word_1_212' title='bbox 766 3754 841 3799; x_wconf 77' lang='lat' dir='ltr'>Nutur</span> <span class='ocrx_word' id='word_1_213' title='bbox 857 3749 999 3811; x_wconf 74' lang='lat' dir='ltr'>vertndert,</span> <span class='ocrx_word' id='word_1_214' title='bbox 1016 3746 1069 3795; x_wconf 72' lang='lat' dir='ltr'>doz</span> 
     </span>
     <span class='ocr_line' id='line_1_30' title="bbox 81 3837 1069 3907; baseline 0 -19"><span class='ocrx_word' id='word_1_215' title='bbox 81 3840 121 3889; x_wconf 85' lang='lat' dir='ltr'>ich</span> <span class='ocrx_word' id='word_1_216' title='bbox 140 3838 281 3891; x_wconf 74' lang='lat' dir='ltr'>uber&#39;seine</span> <span class='ocrx_word' id='word_1_217' title='bbox 305 3840 380 3892; x_wconf 80' lang='lat' dir='ltr'>durch</span> <span class='ocrx_word' id='word_1_218' title='bbox 402 3844 513 3892; x_wconf 79' lang='lat' dir='ltr'>einander</span> <span class='ocrx_word' id='word_1_219' title='bbox 532 3853 655 3907; x_wconf 83' lang='lat' dir='ltr'>gemengte</span> <span class='ocrx_word' id='word_1_220' title='bbox 679 3843 744 3891; x_wconf 84' lang='lat' dir='ltr'>seiae</span> <span class='ocrx_word' id='word_1_221' title='bbox 762 3842 878 3890; x_wconf 78' lang='lat' dir='ltr'>Nationen</span> <span class='ocrx_word' id='word_1_222' title='bbox 896 3838 973 3888; x_wconf 83' lang='lat' dir='ltr'>nichts</span> <span class='ocrx_word' id='word_1_223' title='bbox 993 3837 1069 3904; x_wconf 77' lang='lat' dir='ltr'>allge-</span> 
     </span>
     <span class='ocr_line' id='line_1_31' title="bbox 82 3928 744 4000; baseline 0.012 -19"><span class='ocrx_word' id='word_1_224' title='bbox 82 3935 174 3982; x_wconf 83' lang='lat' dir='ltr'>meines</span> <span class='ocrx_word' id='word_1_225' title='bbox 187 3952 217 3983; x_wconf 86' lang='lat' dir='ltr'>zu</span> <span class='ocrx_word' id='word_1_226' title='bbox 234 3950 306 4000; x_wconf 79' lang='lat' dir='ltr'>sagon</span> <span class='ocrx_word' id='word_1_227' title='bbox 322 3933 416 3999; x_wconf 76' lang='lat' dir='ltr'>wege.&#39;&#39;</span> <span class='ocrx_word' id='word_1_228' title='bbox 527 3928 530 3937; x_wconf 68' lang='grc'><em>’</em></span> <span class='ocrx_word' id='word_1_229' title='bbox 738 3978 744 3989; x_wconf 39' lang='lat' dir='ltr'>i</span> 
     </span>
    </p>

    <p class='ocr_par' dir='ltr' id='par_1_13' title="bbox 82 4021 1067 4275">
     <span class='ocr_line' id='line_1_32' title="bbox 116 4021 1067 4094; baseline -0.001 -21"><span class='ocrx_word' id='word_1_230' title='bbox 116 4025 153 4089; x_wconf 87' lang='lat'>(1)</span> <span class='ocrx_word' id='word_1_231' title='bbox 171 4027 253 4094; x_wconf 76' lang='lat' dir='ltr'>llorrt,</span> <span class='ocrx_word' id='word_1_232' title='bbox 272 4031 372 4092; x_wconf 75' lang='lat' dir='ltr'>Essays</span> <span class='ocrx_word' id='word_1_233' title='bbox 388 4027 440 4076; x_wconf 81' lang='lat' dir='ltr'>and</span> <span class='ocrx_word' id='word_1_234' title='bbox 456 4029 574 4074; x_wconf 71' lang='lat' dir='ltr'>tractim</span> <span class='ocrx_word' id='word_1_235' title='bbox 586 4041 617 4074; x_wconf 81' lang='lat' dir='ltr'>on</span> <span class='ocrx_word' id='word_1_236' title='bbox 628 4029 728 4074; x_wconf 81' lang='lat' dir='ltr'>several</span> <span class='ocrx_word' id='word_1_237' title='bbox 737 4026 847 4093; x_wconf 70' lang='lat' dir='ltr'>subjecte</span> <span class='ocrx_word' id='word_1_238' title='bbox 861 4021 966 4090; x_wconf 77' lang='lat' dir='ltr'>(london</span> <span class='ocrx_word' id='word_1_239' title='bbox 979 4022 1067 4088; x_wconf 62' lang='lat'>1784),</span> 
     </span>
     <span class='ocr_line' id='line_1_33' title="bbox 82 4112 1067 4187; baseline 0.001 -22"><span class='ocrx_word' id='word_1_240' title='bbox 82 4134 104 4165; x_wconf 82' lang='lat' dir='ltr'>v.</span> <span class='ocrx_word' id='word_1_241' title='bbox 124 4120 151 4182; x_wconf 86' lang='lat'>1,</span> <span class='ocrx_word' id='word_1_242' title='bbox 169 4128 202 4167; x_wconf 83' lang='lat' dir='ltr'>tr.</span> <span class='ocrx_word' id='word_1_243' title='bbox 217 4121 261 4169; x_wconf 74' lang='lat'>2⁴.</span> <span class='ocrx_word' id='word_1_244' title='bbox 287 4120 397 4187; x_wconf 73' lang='lat' dir='ltr'>Voturi,</span> <span class='ocrx_word' id='word_1_245' title='bbox 421 4117 522 4184; x_wconf 77' lang='lat' dir='ltr'>Voyoye</span> <span class='ocrx_word' id='word_1_246' title='bbox 545 4112 575 4168; x_wconf 74' lang='lat' dir='ltr'>sai</span> <span class='ocrx_word' id='word_1_247' title='bbox 593 4120 667 4183; x_wconf 77' lang='lat' dir='ltr'>Syris</span> <span class='ocrx_word' id='word_1_248' title='bbox 681 4125 748 4168; x_wconf 78' lang='lat' dir='ltr'>otoo</span> <span class='ocrx_word' id='word_1_249' title='bbox 761 4119 861 4185; x_wconf 70' lang='lat' dir='ltr'>Egypts</span> <span class='ocrx_word' id='word_1_250' title='bbox 880 4115 955 4185; x_wconf 77' lang='lat' dir='ltr'>(Paris</span> <span class='ocrx_word' id='word_1_251' title='bbox 974 4116 1067 4181; x_wconf 78' lang='lat'>1807),</span> 
     </span>
     <span class='ocr_line' id='line_1_34' title="bbox 83 4210 769 4275; baseline 0.004 -20"><span class='ocrx_word' id='word_1_252' title='bbox 83 4210 254 4275; x_wconf 54' lang='lat' dir='ltr'>amem</span> <span class='ocrx_word' id='word_1_253' title='bbox 765 4232 769 4239; x_wconf 57' lang='lat'><strong>⁴</strong></span> 
     </span>
    </p>
   </div>
   <div class='ocr_carea' id='block_1_7' title="bbox 0 0 1450 5042">
    <p class='ocr_par' dir='ltr' id='par_1_14' title="bbox 0 0 1450 5042">
     <span class='ocr_line' id='line_1_35' title="bbox 0 0 1450 5042; baseline 0 0"><span class='ocrx_word' id='word_1_254' title='bbox 0 0 1450 5042; x_wconf 95' lang='lat' dir='ltr'> </span> 
     </span>
    </p>
   </div>
  </div>
 </body>
</html>
