2892 5042
586 527 627 587 n
692 519 700 526 ,

111 706 346 792 deportaturum
367 705 458 769 bonis
473 706 625 769 aerarium
640 704 880 789 locupletabant.
919 703 972 767 His
985 704 1099 791 junge,

112 819 199 905 quod
221 818 278 883 soli
295 819 359 882 fere
379 817 402 880 ii
422 818 572 883 societatis
593 816 734 894 ordines,
759 818 813 902 qui
834 816 1001 903 privilegiis
1024 841 1098 905 gau·

111 931 232 1008 dorent,
248 930 415 995 utilitatem
431 953 467 994 ex
480 930 616 994 nummis
630 929 673 994 ita
688 929 871 1012 comparatis
886 930 1097 1015 perciperent,

110 1067 147 1110 ao
167 1044 274 1130 spretis
293 1043 498 1121 verecundid,
518 1042 630 1108 decore
648 1054 679 1107 et
698 1042 906 1127 saepiusjure
921 1044 1098 1118 communi,
1210 1066 1218 1080 ‘

110 1157 277 1244 privilegiis
297 1157 358 1221 illis
378 1156 591 1221 abuterentur.
637 1158 799 1242 Nusquam
818 1155 936 1220 nobiles
957 1165 987 1219 et
1004 1154 1099 1218 aulici

104 1270 242 1339 ‚ulterius
262 1269 454 1354 arrogantiae
475 1279 701 1353 processerant,
726 1290 823 1353 quam
842 1268 876 1331 in
895 1267 1023 1344 Suesia,
1043 1267 1099 1330 ubi

113 1392 237 1454 mortuo
272 1402 400 1445 cinono
434 1380 493 1443 XII
534 1380 702 1464 imperium
732 1380 938 1463 capessirdre,
978 1401 1015 1443 ac
1044 1400 1099 1462 per

113 1491 178 1555 duo
197 1513 293 1577 regnu
311 1491 453 1576 inglorii,
477 1490 594 1565 timidi,
618 1491 744 1554 venales
768 1491 860 1553 rebus
881 1492 1100 1572 praefuerunt,

41 1662 45 1669 .
113 1603 311 1668 mercenariis
331 1603 427 1688 copiis
448 1614 478 1666 et
497 1602 617 1667 catastis
636 1601 707 1666 freti
731 1600 743 1687 (
765 1599 789 1686 ).

157 1714 335 1778 Arruntis
365 1725 471 1777 autem
502 1735 544 1777 ne
573 1714 761 1777 aberremus.
808 1712 910 1777 Cuivis
930 1713 970 1776 ob
995 1712 1100 1776 oculos

114 1826 242 1890 cadebat
262 1826 344 1888 male
368 1824 412 1886 ib'i
436 1826 503 1909 geri
523 1846 572 1887 res
592 1846 665 1887 cum
686 1835 843 1900 externas,
864 1836 934 1889 tum
954 1826 1100 1891 internas.

112 1938 283 2002 Immensas
302 1936 454 2019 pecuniae
474 1954 609 2012 summas
627 1935 760 1998 ministri
782 1937 920 2000 Francici
941 1937 1102 2019 impende·

111 2046 188 2113 bant
207 2046 247 2112 ad
274 2045 459 2110 discordiam
478 2045 577 2108 ubivis
596 2045 631 2107 in
652 2045 777 2129 Europal
793 2045 1002 2121 excitandam,
1027 2046 1101 2110 licet

22 2190 29 2197 ·
113 2161 238 2224 nullum
267 2157 341 2221 inde
368 2157 507 2222 fructum
532 2169 656 2242 caperet
676 2158 812 2225 Francia.
858 2161 905 2224 Ita
923 2182 980 2245 per
998 2170 1099 2224 totum

46 2350 50 2363 Ι
112 2271 293 2336 Austriacae
313 2271 513 2342 successionis
527 2270 664 2349 bellum,
683 2270 923 2357 Imperiosus
943 2273 1021 2349 Vll,
1037 2294 1100 2336 non

102 2384 235 2447 ‘tantalm
264 2384 367 2468 copias
395 2383 436 2447 ab
457 2383 530 2467 ipsis
557 2383 693 2468 accepit,
713 2384 767 2448 sed
786 2384 997 2468 complurium
1018 2385 1100 2448 Ger-

114 2495 310 2561 manicorum
337 2496 516 2581 principum
545 2496 705 2582 suffragia,
741 2496 857 2581 quibua
887 2497 1005 2562 electus
1036 2507 1097 2571 est,

114 2605 250 2689 pecunia
279 2607 471 2671 Francorum
499 2618 581 2670 emta
602 2618 699 2670 erant.
755 2607 834 2669 Dein
863 2618 930 2690 post
961 2608 1097 2690 repulsas

115 2717 294 2801 trequentes
312 2717 346 2780 in
367 2716 551 2792 Germanii,
572 2715 694 2779 felicior
718 2715 846 2801 quidem
869 2717 928 2780 fuit
950 2718 1100 2781 exereitus

115 2848 268 2895 usumcrr
302 2852 448 2905 srxoms,
478 2829 586 2914 Belgio
614 2804 840 2906 submittendo,
870 2841 901 2895 at
924 2831 1043 2895 sumtds
1069 2841 1101 2894 et

84 3000 87 3004 Δ
114 2941 244 3007 militiae
264 2953 294 3005 et
313 2940 517 3007 hibernorum
531 2942 608 3007 adeo
623 2943 881 3027 exspectationem
897 2943 1098 3028 superdrunt,

115 3065 152 3118 ut
183 3052 295 3142 (1748)
329 3077 388 3140 pax
408 3054 664 3141 Aquisgranensis
694 3054 841 3120 concludi
859 3055 1017 3131 debuerit,
1037 3057 1100 3139 qui

116 3189 223 3232 omnes
253 3168 383 3232 ditiones
415 3168 560 3231 subactae
595 3168 729 3251 pristinis
760 3168 892 3232 dominis
924 3168 1100 3232 redderem·

116 3292 168 3345 tur
192 3279 249 3367 (2)

162 3395 258 3456 Porro
278 3394 499 3478 exploratores,
517 3391 608 3456 variis
628 3389 726 3456 causis
744 3391 923 3474 praetextis,
938 3390 978 3455 ad
995 3411 1101 3455 omnes
1207 3442 1212 3449 ,

116 3505 272 3592 principes
311 3507 397 3570 missi
425 3503 575 3589 stipendia
604 3503 815 3587 accipiebant,
850 3515 885 3567 ut
914 3505 1100 3569 nunciarent

151 3725 189 3793 (1)
206 3729 334 3801 §tumetra
350 3730 376 3790 1,
393 3743 446 3793 pag.
466 3729 531 3788 177,
550 3728 600 3776 tat
616 3742 677 3793 sqq,
693 3727 761 3791 233,
779 3727 847 3788 273,
867 3724 917 3776 287
934 3727 1033 3792 uhtu
1047 3742 1101 3791 sqq,

117 3821 183 3883 319,
203 3820 268 3883 ³²5,
286 3820 354 3885 ³443
373 3821 413 3885 ll,
426 3834 479 3885 pag.
492 3820 543 3866 185
555 3835 596 3885 sq,
609 3818 673 3884 205,
686 3819 737 3866 ³10
749 3834 800 3883 sqq.
827 3818 864 3865 E.
879 3817 922 3864 des
932 3817 962 3868 L.
974 3816 1046 3880 xm,
1062 3819 1101 3864 15.

61 3921 63 3925 ’
119 3914 172 3962 »On
196 3911 288 3977 appelle
310 3929 344 3960 un
369 3911 442 3975 grand
466 3912 572 3959 ministre
599 3909 662 3958 celui
677 3911 719 3974 qui
738 3919 773 3956 est
791 3925 823 3956 un
841 3910 932 3955 hosomo
951 3905 1102 3958 d‘tndostria

119 4004 200 4067 etqui
219 4004 265 4050 seit
283 4013 380 4049 trouver
398 4000 439 4049 des
458 3998 611 4065 expediens.”

153 4092 190 4158 (2)
205 4092 302 4157 litam,
322 4093 390 4142 droit
403 4093 491 4157 pettit
509 4093 539 4139 de
558 4090 683 4155 t’Eerope
697 4088 773 4155 foedi
788 4105 833 4138 serr
845 4093 880 4140 les
899 4090 987 4141 naute
999 4092 1101 4157 (Genive

120 4185 196 4249 1774)
213 4186 264 4245 114,
282 4201 335 4251 pug.
353 4185 482 4235 att-tto.
