2892 5042
616 556 657 613 95

138 735 279 798 homines
297 735 452 818 requirere
471 732 643 815 videantur.
675 733 764 797 Prius
782 732 919 797 videmus
941 721 1075 800 maxime
1092 739 1124 801 in

136 846 279 910 Romani
293 843 418 909 historici
436 867 455 909 a
469 865 708 922 nonrnsonrvro
724 843 922 929 praestitum3
942 847 1009 929 jam
1020 868 1124 932 prose-

136 978 217 1041 quar
234 955 371 1040 ejusdem
393 956 504 1020 arduos
525 979 597 1020 sane
609 956 738 1021 iabores
759 957 793 1019 in
817 957 964 1021 Franciae
990 957 1125 1043 antiquis

133 1067 283 1131 institutis
312 1066 512 1152 indagandis,
535 1087 599 1130 non
623 1079 659 1129 ut
683 1066 839 1152 judicium
860 1068 1008 1132 audacter
1025 1069 1125 1133 seram

133 1177 289 1262 deipsis,
317 1198 395 1263 quas
427 1178 546 1263 tetigit,
571 1178 800 1255 controversiis,
836 1180 889 1242 sed
920 1190 954 1241 ut
984 1180 1123 1263 patefiat:

136 1294 185 1353 1⁰.
202 1289 279 1375 quid
296 1289 336 1354 ad
353 1288 530 1353 scribendos
545 1300 695 1358 extremos
717 1291 816 1373 operis
837 1290 878 1353 de
896 1289 1040 1378 Ingenio
1055 1291 1125 1354 Le-

128 1423 214 1489 gum
238 1400 333 1463 libros
362 1420 625 1475 uonrusonrvrnrr
654 1400 857 1483 compulerit;
884 1411 915 1463 et
942 1405 988 1465 2⁰.
1011 1402 1124 1488 quibus

132 1508 271 1587 maxime
289 1508 448 1592 principiis
466 1509 621 1586 nitantur,
645 1529 726 1592 quae
746 1509 859 1591 scripto
879 1510 1025 1574 condidit.

112 1680 120 1688 ,
182 1621 207 1685 Ι.
240 1619 330 1683 Haud
349 1621 415 1683 sine
435 1620 526 1698 causi
546 1618 631 1682 libris
647 1618 708 1680 illi's
730 1619 818 1681 XXX
833 1631 864 1682 ct
879 1621 983 1683 XXXI
1002 1619 1042 1683 de
1058 1643 1124 1685 soa-

132 1732 228 1797 hrosi
247 1731 379 1796 maxime
400 1743 430 1794 et
450 1731 581 1794 obscuri
604 1729 748 1793 historiae
768 1729 932 1795 Francicae
948 1743 1037 1816 parte
1054 1732 1124 1818 agi-

131 1857 197 1909 tur.
227 1843 306 1908 Satis
329 1842 413 1907 enim
439 1843 543 1906 lucide
576 1865 593 1905 e
627 1842 841 1925 scriptoribus,
876 1843 932 1927 qui
957 1843 1122 1917 dicuntur,

79 1923 91 1944 i
130 1958 253 2020 ferreae
272 1953 444 2019 Latinitatis
457 1964 593 2038 apparet,
608 1953 708 2038 qualis
721 1954 815 2015 fuerit
834 1954 1006 2016 Galliarum
1027 1964 1124 2016 status

131 2079 274 2151 tempore
311 2064 442 2130 labantis
479 2064 606 2148 Imperii
636 2062 857 2141 Occidentalis3
893 2063 987 2126 multi
1015 2063 1123 2127 itidem
1149 2068 1158 2083 ‘

132 2200 253 2243 norum
282 2177 452 2261 Imperium
483 2176 541 2240 sub
573 2197 700 2240 canoto
722 2197 836 2241 urano
868 2173 1069 2260 depinxerant
1092 2186 1124 2238 et

133 2291 227 2354 ndrat
246 2289 460 2374 unusquisque
479 2286 554 2352 hinc
576 2287 744 2351 derivatam
763 2307 828 2350 esse
848 2285 1005 2349 feudalem
1025 2288 1123 2349 Euro-

131 2418 195 2485 pae
226 2402 494 2481 constitutionem,
525 2410 558 2463 at
596 2411 672 2484 quot
706 2408 905 2485 quantaeque
931 2396 1122 2462 intercedere

133 2497 310 2575 debuissent
329 2512 527 2586 mutationes,
548 2521 585 2573 ut
601 2522 663 2573 tota
683 2512 772 2595 regni
791 2509 884 2574 facies
903 2510 947 2573 ita
964 2521 1123 2573 converte-

133 2633 232 2699 retur,
250 2642 363 2706 parum
382 2633 447 2685 erat
469 2620 662 2704 explicitum·
682 2623 794 2704 Neque
809 2621 925 2682 mirum
945 2620 1121 2705 adparebit,

130 2735 160 2796 si
179 2733 266 2817 prius
284 2753 464 2809 cemamus,
489 2733 544 2816 qui
562 2742 634 2794 ante
647 2752 912 2807 nonrnsourvrun
925 2731 964 2795 de
976 2732 1013 2795 ea
1023 2742 1122 2795 aetate

131 2843 322 2929 scripserint.
354 2842 515 2926 Praecipui
524 2841 642 2905 scilicet
653 2863 775 2918 eorum,
787 2841 841 2926 qui
853 2840 1011 2905 historiam
1023 2843 1121 2906 Fran-

133 2956 201 3020 ciae
219 2955 259 3019 ab
279 2953 366 3017 initio
391 2964 584 3030 tractassent,
608 2955 731 3016 fuerant
751 2957 913 3020 saec.17⁰.
933 2955 1036 3019 medio
1057 2958 1120 3019 ub-

133 3070 247 3142 emur,
272 3075 303 3128 et
325 3063 414 3127 initio
435 3063 552 3127 saeculi
575 3064 635 3128 181.
658 3064 753 3127 abbas
771 3086 895 3128 usurus.
938 3066 1026 3130 Illius
1049 3067 1119 3131 bre·

130 3179 278 3242 riarium
289 3175 553 3261 chronologicum
572 3195 708 3238 severam
724 3175 843 3258 saepius
863 3175 990 3241 criticen
1007 3179 1120 3241 tulerat

132 3290 176 3353 ob
203 3288 362 3373 neglectos
387 3286 486 3349 tontes
510 3268 740 3367 complures'et
760 3285 844 3370 quod
866 3284 906 3347 de
931 3287 1002 3350 solis
1022 3288 1121 3352 ferme
1146 3265 1149 3271 ,

131 3402 258 3484 Regum
272 3398 340 3461 ritis
359 3407 464 3483 ageret
479 3393 541 3484 (1);
566 3395 618 3464 hic
635 3395 793 3483 religionis
814 3407 845 3460 et
858 3397 1036 3482 principum
1050 3399 1122 3464 fatis

131 3511 227 3576 unice
244 3509 380 3573 intentus
397 3517 444 3585 et,
468 3519 503 3570 ut
524 3508 733 3572 narrationem
753 3530 842 3573 suam
860 3521 998 3589 ornaret,
1019 3511 1119 3578 fusius

131 3621 249 3708 praelia
270 3618 444 3686 describere
465 3620 589 3697 solitus,
604 3618 608 3625 ’
618 3642 730 3705 parum
760 3620 840 3686 lucis
862 3623 1010 3709 antiquae
1028 3626 1117 3712 regni

166 3929 203 3995 (l)
221 3929 258 3980 Cf.
276 3943 369 3990 strat,
386 3931 448 3979 dict.
468 3931 530 3980 hist.
548 3933 647 3979 eterit.
667 3927 815 3996 (Rotterdam
834 3924 910 3989 1715)
928 3925 978 3988 ΙΙΙ,
998 3938 1055 3988 pag.
1075 3926 1117 3989 18,

131 4023 187 4070 notat
204 4021 234 4068 n.
266 4022 301 4068 Le
318 4019 364 4068 Cte
381 4034 413 4069 nr
434 4033 667 4080 sourrrrvrrnms,
695 4021 767 4067 lettre
787 4019 804 4066 Ι
822 4033 868 4066 sur
888 4020 925 4066 tea
946 4016 1118 4067 Etru-Grot-

131 4126 198 4159 rcua
213 4107 287 4175 (subj.
302 4107 376 4170 ejusd.
393 4111 462 4158 nus.
478 4111 508 4158 rte
523 4108 633 4158 raanan
646 4107 844 4160 Goueememorrt
862 4109 892 4159 de
910 4109 1007 4161 Franco
1012 4146 1022 4173 ,
1039 4111 1118 4172 flagae

133 4212 158 4249 et
175 4197 343 4249 Xmstelodami
364 4197 441 4265 1727)
458 4201 482 4249 1.
502 4214 556 4265 pag.
574 4199 626 4249 105
643 4215 693 4266 sqq.
