2892 5042
823 462 865 523 58

354 634 595 724 πηῷ
627 647 734 703 mente
761 640 835 703 sant
860 639 902 709 in
933 658 1063 724 corpore
1100 662 1175 706 eruo
1210 644 1344 726 proed-

352 760 421 827 tus,
451 747 545 813 hilari
579 759 614 812 ut
641 759 708 813 eret
735 758 767 812 et
792 750 965 836 sanguines
989 748 1117 826 mmm,
1145 753 1250 818 munia
1278 776 1345 838 po-

351 861 414 924 tius
435 861 518 925 lacto
539 859 690 946 adspectu
717 861 906 928 intueretur.
951 863 1047 926 Porro
1065 882 1175 927 verum
1195 867 1242 929 est
1260 868 1345 951 epis-

351 972 425 1036 tolis
442 973 478 1035 P.
501 992 593 1056 saepe
612 973 828 1056 corruptelam
851 984 883 1037 et
901 973 1038 1039 ridicula
1055 976 1239 1060 aequalium
1259 980 1344 1044 riri·

351 1082 397 1148 dis
417 1084 576 1150 coloribus
603 1084 748 1171 depingi,
780 1083 834 1150 sed
860 1106 961 1171 quum
987 1085 1085 1189 hocce
1115 1100 1341 1175 argumentum
1407 1136 1408 1155 t

350 1196 446 1260 semel
467 1195 610 1282 elegisset
637 1195 771 1283 (juvenis
788 1196 906 1282 adbuc)
927 1220 1201 1279 mosomomrms,
1228 1205 1344 1288 majori

352 1327 426 1370 cum
441 1306 654 1373 moderatione
670 1308 720 1370 vix
734 1311 863 1373 tractari
875 1310 1036 1395 potuisset.
1065 1316 1124 1378 Per
1139 1325 1241 1379 totum
1261 1338 1342 1401 opus

350 1416 390 1494 ii,
401 1437 479 1503 quos
497 1418 663 1505 loquentes
678 1419 812 1498 inducit,
825 1421 957 1486 devitiis
971 1425 1164 1511 ineptiisque
1179 1428 1342 1494 subrident

331 1510 490 1608 'ursum
517 1542 555 1595 ut
577 1531 622 1595 ita
647 1531 767 1612 dicam3
796 1538 867 1598 rarb
886 1534 1066 1623 indignatio
1096 1540 1283 1624 erumpite.
1307 1565 1339 1631 g.

350 1661 450 1724 quum
471 1641 512 1704 de
532 1641 715 1724 principum
739 1643 843 1707 farore
864 1648 962 1732 pigris
991 1649 1101 1715 nubcis
1123 1652 1244 1716 tributo
1262 1674 1343 1739 que-

351 1749 444 1827 ritur,
471 1749 552 1813 dere
571 1752 710 1816 moribus
732 1775 856 1834 eorum,
877 1759 935 1841 qui
953 1759 1121 1827 domestici
1140 1764 1251 1850 quiete
1270 1787 1344 1850 per·

335 1861 505 1931 ,turbandi
528 1862 661 1950 gloriam
681 1866 740 1931 sibi
759 1864 961 1953 quaererent3
984 1873 1113 1939 taudem
1135 1879 1170 1941 in
1187 1878 1225 1941 iis
1241 1881 1341 1963 ,epis-

349 1975 436 2052 tolis,
458 1976 517 2041 ubi
534 1976 616 2042 ritae
633 1979 755 2043 socialis
775 1985 995 2065 praestantiam
1014 1986 1060 2074 (iu
1077 1990 1339 2077 Troglodytamre

348 2084 468 2172 tabula)
499 2098 555 2150 aut
583 2092 780 2172 quaestiones
808 2116 916 2179 goeros
936 2096 975 2160 de
992 2099 1073 2181 juris
1093 2104 1245 2167 naturalis
1273 2107 1341 2169 on·-

350 2197 440 2283 gine,
471 2195 511 2260 de
540 2199 640 2262 causis
669 2201 784 2265 minuti
806 2201 970 2270 bominum
990 2213 1131 2290 numeri,
1162 2213 1202 2278 de
1221 2217 1341 2282 artium

349 2321 381 2374 et
402 2310 605 2374 scientiarum
626 2312 775 2393 utilitate,
798 2319 908 2404 agitat,
925 2322 1023 2386 serius
1040 2336 1071 2389 ct
1092 2329 1215 2413 gravior
1234 2329 1339 2395 eradit

346 2421 462 2506 stylus,
482 2443 586 2509 neque
604 2427 710 2491 losum
731 2448 795 2493 esse
813 2431 934 2496 facetiis
953 2436 1046 2499 sentit
1070 2436 1130 2525 (l).
1171 2440 1267 2521 Quod
1295 2442 1338 2507 ad

342 2534 448 2617 jocos,
474 2535 532 2620 qui
547 2558 605 2601 suo
622 2537 693 2603 loco
709 2560 774 2605 non
794 2564 859 2606 esse
878 2544 1025 2610 ridentur
1044 2548 1079 2612 in
1098 2549 1202 2636 Opere
1220 2551 1262 2617 de
1277 2555 1338 2639 Le-

347 2664 424 2733 gum
444 2649 591 2736 lngenio,
620 2651 653 2715 in
680 2657 863 2719 memoriam
891 2659 1100 2724 revocandum
1121 2674 1183 2739 est,
1208 2666 1340 2731 Francis
1407 2722 1408 2749 ἶ

346 2760 480 2821 maxime
505 2761 659 2842 scripsisse
684 2784 962 2845 nonompurvrum,
993 2792 1128 2855 quorum
1156 2776 1336 2858 levitatem,

345 2867 526 2954 praesertim
547 2891 584 2931 eo
605 2880 744 2956 tempore
760 2895 924 2961 magnam,
951 2882 1049 2965 probe
1069 2899 1197 2951 noverat
1215 2900 1247 2952 et
1263 2891 1336 2974 jam

344 2979 467 3063 pridem
476 2980 656 3066 depinxerat
667 2982 720 3070 (L.
731 2984 775 3052 P.
785 2985 875 3075 100).
893 2991 992 3071 Adde,
1006 2995 1090 3079 quod
1099 2999 1284 3082 inprimisirr
1294 3025 1338 3068 eo

344 3091 496 3156 societatis
515 3093 623 3158 ordine
641 3096 774 3161 lectores
793 3100 852 3165 sibi
871 3122 1020 3188 quaerere
1039 3104 1176 3191 deberet,
1202 3116 1336 3200 quisirc

344 3205 463 3270 Parisiis
479 3208 541 3272 sive
553 3209 586 3272 in
596 3210 761 3293 provinciis
777 3212 817 3276 ad
833 3215 940 3295 aulae,
962 3220 1011 3282 rel
1034 3232 1181 3286 coetuum
1196 3226 1331 3292 illorum

343 3318 539 3383 literatorum
558 3323 716 3405 exemplar
737 3346 802 3388 sese
823 3326 984 3393 efformare
998 3332 1143 3400 solerent.
1163 3337 1264 3416 Hisce,
1282 3343 1334 3406 uti

342 3440 449 3514 postea
474 3431 567 3492 latius
587 3430 778 3510 videbimus,
800 3439 913 3518 partim
933 3452 1020 3527 grata
1042 3448 1196 3530 quaedam
1212 3452 1334 3536 placita
1349 3490 1368 3520 Α,

342 3540 504 3604 inculcare
521 3538 644 3605 volebat
665 3563 925 3623 nonrmourmos.
963 3554 1148 3635 Queruntur
1168 3574 1275 3627 autem
1297 3578 1333 3629 et

261 3664 265 3671 ’
342 3652 425 3736 ipse,
449 3660 478 3713 et
498 3653 674 3736 complures
698 3660 843 3743 aequales
864 3664 913 3726 rel
935 3688 1082 3756 suppares
1100 3671 1139 3736 de
1162 3676 1247 3739 culti
1266 3677 1329 3743 ista

341 3765 503 3841 societate,
525 3774 560 3827 ut
581 3764 691 3830 leviter
710 3766 750 3831 do
770 3774 913 3839 omnibus
932 3756 1054 3866 aliquid
1072 3785 1150 3848 scire
1168 3797 1199 3850 et
1221 3787 1329 3855 dicere

341 3888 485 3962 cuperet,
513 3888 548 3941 ut
574 3881 717 3968 agnavis
739 3883 893 3972 cujusque
919 3890 1012 3955 studii
1038 3893 1146 3962 labore
1166 3899 1326 3967 abhorre-

267 4148 269 4153 .
375 4108 411 4177 (ι)
430 4111 687 4178 s.1².11-14,47‚
706 4118 755 4181 sa,
777 4121 840 4181 ros,
861 4123 925 4188 1os,
944 4128 1093 4196 rra-rra,
1114 4134 1172 4183 sss.
