2892 5042
517 548 637 608 Ἰ65

108 720 241 786 facilem
272 722 407 804 auctori,
439 744 578 807 asperam
603 724 793 811 legentibus,
818 743 917 808 quum
945 734 1110 808 sperneret

108 852 387 911 mummolinum,
417 857 482 898 non
511 856 607 899 unam
637 836 691 900 sed
716 836 891 919 complures
926 856 1017 899 noras
1044 835 1103 899 sibi

106 943 280 1029 quaesivit3
312 958 343 1010 et
364 947 439 1012 hinc
458 948 603 1033 adparet,
628 971 686 1014 cur
705 948 738 1012 in
762 948 854 1012 variis
874 946 961 1011 libris
979 946 1021 1011 de
1041 945 1102 1011 In·

98 1060 210 1146 genio
230 1058 355 1148 Legum
379 1060 461 1125 varia
481 1061 560 1127 adeo
578 1061 616 1125 sit
637 1058 815 1126 distributio
833 1071 1099 1146 argumentorum.

102 1170 148 1234 In
166 1170 276 1235 leviori
292 1172 492 1257 epistolarum
509 1175 702 1240 Persioarum
714 1196 807 1258 opere
820 1173 952 1237 eandem
965 1173 1099 1237 dirersi-

101 1293 206 1347 tatem
222 1284 372 1363 obtinere,
396 1297 480 1350 certe
496 1286 536 1350 ad
552 1287 619 1371 ejus
634 1287 733 1351 libelli
746 1286 873 1350 virtutes
890 1285 1099 1351 referendum.

103 1395 226 1458 Iamsi
253 1397 293 1461 ad
319 1397 524 1464 aestbeticum
552 1401 739 1483 opusculum
775 1398 954 1483 redeamus,
987 1421 1099 1483 parum

102 1508 245 1589 amplius
273 1508 351 1572 lucis
374 1509 407 1573 in
427 1532 464 1573 eo
483 1509 677 1586 invenietur3
706 1509 910 1594 sequentibus
938 1508 1022 1572 enim
1045 1531 1101 1593 pa-

101 1617 191 1703 ginis
212 1620 309 1684 varios
325 1620 483 1703 jucundos
501 1622 614 1685 mentis
634 1620 773 1685 adfectius
794 1630 1020 1704 perscrutatur,
1047 1620 1101 1684 di-

100 1732 316 1819 gressionibus
335 1732 375 1796 de
394 1732 596 1797 subtilissimis
618 1732 851 1818 quaestionibus
870 1730 1014 1818 indulget
1031 1731 1096 1820 (l);

98 1845 250 1910 universe
279 1856 363 1930 patet
396 1868 459 1912 non
489 1846 662 1931 pellectum
703 1868 769 1909 esse
809 1843 969 1928 scriptum.
1014 1844 1098 1910 lllud

98 1960 228 2022 tantdm
253 1980 289 2022 ex
317 1959 364 2022 bis
393 1958 647 2034 memorandum,
678 1957 764 2042 quod
795 1955 879 2041 (pag.
903 1953 981 2040 389)
1004 1955 1096 2032 dicit,

98 2068 243 2154 stupidos
274 2080 304 2132 et
333 2071 441 2133 inanes
468 2068 608 2133 homines
635 2089 732 2132 unam
759 2067 907 2130 duntaxat
938 2067 1098 2132 notionem

87 2182 199 2245 ‘simul
221 2201 349 2265 capere,
369 2180 480 2265 politos
497 2182 595 2267 magis
617 2192 648 2244 et
664 2185 773 2245 acutos
798 2180 861 2243 und
881 2201 1003 2265 semper
1020 2181 1096 2266 plu-

100 2314 155 2354 res
181 2291 350 2377 percipere.

148 2404 274 2470 Caetera
297 2428 379 2492 quae
405 2407 445 2471 de
471 2429 701 2486 nonresourvn
725 2410 804 2494 stylo
825 2408 973 2483 dicenda,
998 2407 1038 2471 ad
1058 2429 1094 2470 ea

98 2516 237 2595 redeunt
256 2519 406 2596 maxime,
430 2519 555 2605 quaein
572 2520 730 2604 quibusvis
741 2520 902 2584 celebratis
917 2517 1095 2585 auctoribus

97 2629 260 2693 Francicis
287 2629 405 2693 landari
431 2631 547 2705 solent,
585 2652 718 2714 quarum
746 2630 874 2694 laudum
899 2652 1020 2693 summa
1050 2639 1095 2691 est

96 2741 341 2827 perspicuitas,
365 2740 519 2807 condona
554 2721 656 2828 neque
688 2741 832 2816 verbosa,
870 2744 929 2804 ricc
962 2740 1094 2825 abrupta

97 2855 215 2934 orati03
238 2853 390 2941 elegantia
410 2865 440 2917 et
458 2852 598 2919 modicus
608 2875 681 2918 usus
691 2852 893 2939 supellectilis
908 2851 1090 2919 rhetoricae.
1186 2859 1191 2868 “

95 2967 308 3053 illoquentem
329 2966 462 3030 maxime
482 2988 745 3044 uonrrsourvrun
766 2966 956 3032 admiramur
974 2967 1008 3031 in
1025 2966 1091 3030 his-

94 3081 192 3146 torici
208 3079 386 3168 argumenti
402 3080 492 3157 locis,
516 3091 547 3143 et
565 3080 760 3166 ubicumque
778 3081 900 3168 magnis
918 3081 1089 3145 lineamen-

94 3195 134 3258 tis
154 3193 317 3280 depingit,
342 3215 369 3258 e.
393 3216 423 3278 g.
443 3194 526 3257 bella
539 3193 680 3269 Punica,
704 3194 787 3257 bella
809 3195 1024 3258 Romanorum
1044 3194 1089 3257 oi-
1192 3200 1198 3211 '

95 3306 189 3382 vilia,
224 3326 346 3367 uramur
377 3313 508 3368 astutam
531 3304 744 3388 tyrannidem,
777 3303 892 3366 florens
920 3302 1088 3386 imperium

59 3413 66 3427 ’
90 3420 153 3484 snb
180 3439 384 3493 arroensis,
405 3414 536 3502 populos
558 3416 667 3482 orbem
691 3417 869 3481 Romanum
891 3412 1084 3493 invadentes,

69 3655 72 3665 ’
93 3680 119 3712 se
139 3663 243 3712 invicem
261 3671 357 3726 serant,
379 3662 404 3710 in
425 3663 546 3712 infinitum
563 3664 705 3730 procederat
732 3664 787 3716 aliis
804 3664 888 3729 aliter,
902 3683 987 3717 omncs
1007 3677 1085 3719 tamen

94 3757 145 3805 visa
157 3754 236 3821 figora
251 3764 295 3803 aut
311 3760 407 3820 corpore
423 3771 589 3822 quocumque,
602 3774 678 3824 aeque
695 3757 898 3824 pronunciabunt,
918 3755 977 3822 qnid
992 3758 1025 3805 sit
1039 3774 1085 3807 an-

92 3846 183 3913 gulus,
201 3844 261 3912 qnid
272 3861 328 3895 non.
354 3847 387 3895 At
404 3848 482 3897 variae
499 3848 658 3914 definitiones,
675 3867 736 3917 quae
755 3849 841 3898 dantur
851 3867 872 3897 e.
886 3863 910 3912 g.
925 3849 1017 3897 rumori
1030 3842 1082 3895 'tm-

91 3933 162 4002 p‘en‘i
169 3974 179 4000 ,
199 3938 342 4002 libertatis,
360 3937 428 3987 valde
446 3919 549 3989 diversas
566 3944 668 4006 gignunt
683 3943 807 3997 notiones,
825 3938 883 4011 adeo
901 3947 944 3999 ut,
963 3937 1005 3986 nbi
1023 3937 1084 3989 ulter

92 4026 231 4079 libertatem
252 4028 346 4078 civilem
369 4045 417 4101 esse
439 4040 522 4096 putat,
550 4031 610 4080 alter
628 4030 722 4094 abjecti
738 4030 854 4079 servitute
877 4030 953 4094 premi
970 4030 1082 4097 populum

92 4131 225 4187 queratur,
241 4131 287 4173 etc.

129 4212 170 4281 (l)
188 4213 225 4266 Cl.
243 4212 312 4281 einp.
332 4215 366 4265 da
380 4218 410 4283 ja
426 4231 457 4265 ne
474 4216 620 4280 scrisperat,
639 4194 693 4282 pag.
712 4216 833 4282 atossqq.

930 4311 949 4368 5
