2892 5042
721 450 873 555 [ss

356 667 426 743 post
457 662 591 717 mortem
622 652 657 713 in
689 648 869 713 adversariis
903 662 1130 719 nemesim
1162 639 1355 704 domesticis

355 775 497 831 notatam
522 762 689 825 invenisset
711 758 795 821 filius
822 756 958 820 duorum
981 753 1118 818 millium
1148 761 1355 815 scutatorum
1420 796 1421 827 p

353 897 528 950 summam,
552 873 677 935 missam
696 891 729 933 a.
743 890 834 932 narr
853 866 1018 931 mercatori
1030 863 1171 930 Gadibus
1185 860 1354 925 habitanti

355 990 453 1075 idque
474 987 511 1051 od
531 993 642 1069 certas
664 1003 794 1047 emesae
827 978 982 1045 Noscendi
1001 976 1151 1062 cupidus,
1167 995 1253 1059 quae
1273 975 1354 1037 fue·

357 1103 421 1165 rint
442 1099 501 1163 hae
526 1118 653 1172 causae,
677 1105 883 1158 mercatorem
903 1092 1093 1174 interrogat,
1115 1086 1173 1171 qui
1192 1084 1351 1171 patefecit

356 1215 534 1277 Tetuanum
553 1208 638 1271 mitti
658 1205 801 1271 debuisse
818 1224 962 1268 nummos
979 1201 1051 1264 illos
1068 1198 1108 1263 ad
1123 1194 1351 1261 redimendum

355 1340 527 1387 aoamrorr
550 1315 609 1404 (1).
651 1316 759 1381 Talem
792 1316 853 1378 viri
879 1312 1019 1377 indolem
1045 1332 1147 1395 quum
1181 1310 1351 1385 novimas,

356 1434 500 1521 digniora
533 1430 643 1506 etiam,
689 1448 771 1512 quae
801 1426 971 1512 diiigenter
1004 1421 1229 1498 adtendantur,
1255 1420 1352 1514 'fiunt

357 1547 487 1629 scripta,
511 1544 633 1628 quippe
650 1561 733 1627 quae
750 1539 874 1604 nonnisi
892 1560 928 1602 ex
940 1537 1045 1601 animo
1056 1533 1219 1598 homiuum
1236 1532 1352 1596 salutis

363 1657 497 1732 curioso,
510 1655 628 1734 cuique
638 1652 683 1715 nil
695 1650 825 1713 humani
834 1650 974 1712 alienum
983 1650 1033 1723 sit,
1044 1645 1168 1731 prodire
1175 1645 1351 1737 potuerint.

402 1763 550 1847 Exempla
572 1761 743 1847 singularia
765 1762 791 1824 si
813 1759 1029 1824 desiderentur
1059 1758 1164 1823 sensis
1193 1758 1280 1821 illius
1315 1769 1349 1822 et

358 1874 490 1951 ardoris,
529 1885 565 1937 ut
598 1871 787 1937 humanitati
827 1871 1003 1955 prodesset,
1041 1871 1098 1955 qui
1131 1868 1276 1953 inprimis
1313 1871 1349 1933 in

358 2010 472 2077 magno
509 2009 603 2072 opere
639 1984 865 2050 conscribendo
895 1984 1071 2059 emouere,
1105 1981 1197 2045 citari
1227 1982 1350 2064 possint

358 2101 438 2173 loci,
469 2098 524 2160 uhi
547 2096 697 2180 generosi
718 2095 936 2180 indignatione
959 2092 1117 2157 invehitur
1137 2094 1172 2157 in
1189 2092 1348 2177 quaedam

359 2211 408 2273 sui
424 2210 491 2272 aevi
508 2209 669 2283 instituta,
686 2206 877 2270 humanitati
893 2208 1028 2270 maxime
1044 2206 1216 2281 contraria,
1240 2205 1347 2289 qualia

359 2328 431 2382 sunt
460 2318 628 2403 Nigrorum
653 2328 848 2393 mercatura,
873 2338 947 2400 opes
970 2294 1223 2401 publicanorum
1237 2316 1273 2378 in
1291 2337 1347 2399 po-

360 2430 431 2513 puli
458 2428 682 2492 detrimentum
707 2428 900 2512 acquisitae,
931 2450 1025 2512 porro
1043 2428 1217 2519 *Inquisitio
1235 2428 1347 2512 Hispa·

359 2543 447 2619 nica,
472 2542 563 2626 cujus
583 2540 738 2605 ministros
758 2542 843 2605 inter
865 2541 959 2626 plura
973 2539 1021 2603 his
1040 2540 1140 2603 verbis
1160 2539 1345 2626 alloquitur:

360 2656 485 2741 »Siquis
504 2656 614 2719 futuro
636 2678 711 2720 aevo
732 2666 875 2720 nostrum
898 2653 1060 2718 saeculum
1082 2652 1206 2716 cultum
1226 2663 1257 2715 et
1275 2654 1348 2717 bar-

360 2767 448 2830 barie
477 2766 613 2826 liberum
640 2767 734 2827 fuisse
765 2765 864 2838 dicat,
899 2784 950 2825 vos
980 2763 1124 2827 citabunt
1153 2765 1289 2848 posteri,
1311 2777 1346 2829 ut

361 2874 530 2938 barbarum
555 2872 648 2935 fuisse
668 2873 851 2956 probetur.’'
883 2873 1000 2937 Eodem
1022 2897 1109 2939 sacro
1126 2876 1199 2961 igne
1217 2877 1277 2959 ipsi
1295 2899 1347 2940 ca-

333 2965 340 2976 ’
360 2984 448 3047 lescit
472 2995 598 3066 pectus,
623 2983 751 3067 quando
770 3007 873 3049 uruca
893 3008 1049 3050 iurentur
1069 2988 1261 3077 mentionem
1282 2989 1349 3055 lac·

360 3108 463 3173 turus,
489 3096 593 3160 animo
608 3118 756 3181 generose
771 3098 853 3161 elato
870 3098 992 3162 scribit:
1013 3099 1192 3164 »Gaudium
1208 3113 1347 3166 mentem

360 3210 462 3288 subit,
497 3231 598 3296 quum
622 3208 661 3272 de
692 3209 753 3274 hoc
780 3210 923 3295 principe
954 3211 1163 3297 loquendum3
1199 3236 1259 3278 nec
1279 3214 1347 3279 sine

359 3300 446 3386 dulci
458 3323 574 3386 affectu
595 3322 659 3406 legi
678 3333 779 3404 potest
796 3323 862 3404 ejus
882 3322 961 3399 vita3
983 3343 1066 3406 quae
1084 3323 1162 3388 adeo
1181 3324 1290 3402 efficit,
1307 3337 1345 3389 ut

358 3431 471 3493 melius
505 3429 545 3491 de
582 3429 736 3491 nobismet
765 3431 856 3513 ipsis,
889 3432 964 3516 quia
992 3433 1105 3497 melius
1131 3435 1170 3499 de
1204 3435 1343 3503 humano

345 3548 491 3628 genere,
516 3541 701 3624 opinemu1·”
720 3539 778 3627 (2).
810 3543 1007 3608 Humanitati
1025 3546 1075 3608 illi
1096 3547 1130 3610 in
1150 3570 1347 3627 nonensem-

393 3738 430 3808 (1)
448 3739 486 3789 cf.
503 3739 566 3802 inter
583 3739 629 3790 alia
646 3742 737 3807 Biogr.
761 3744 832 3792 Uario.
851 3755 899 3792 art.
915 3747 1171 3811 Montesquiaosubl.
1184 3760 1209 3796 et
1227 3751 1346 3816 complura

357 3831 469 3880 anerdota
488 3831 593 3878 moralis.
622 3832 651 3880 Iu
668 3849 761 3880 scenam
778 3835 871 3898 saepius
890 3835 996 3885 traducta
1014 3838 1146 3889 historiola.

371 3922 430 3990 ’(2)
451 3925 553 3973 Consid.
572 3941 618 3974 sur
635 3927 661 3973 la
681 3928 723 3974 Gr.
744 3933 769 3974 ct
789 3924 881 3975 Dicad.
902 3927 945 3976 des
962 3932 1094 3992 Romaim,
1114 3930 1181 3996 chop.
1200 3934 1241 3980 to.
1266 3934 1299 3980 E.
1319 3934 1346 3982 d,

357 4015 388 4062 t.
406 4013 473 4061 x111.
494 4016 541 4078 103
561 4015 609 4068 XV.
628 4019 661 4081 53
679 4018 749 4069 XXV.
769 4021 811 4068 13.
842 4018 927 4069 ttirum
945 4021 1022 4071 videri
1039 4022 1113 4087 possit
1130 4021 1239 4085 Nostrum
1255 4023 1345 4072 Aucto-

359 4119 426 4166 rem,
444 4103 487 4168 qui
505 4102 629 4153 absurdam
646 4109 790 4169 injustitiam
807 4111 933 4172 Nigrorum
949 4122 1093 4162 mercaturae
1111 4121 1157 4162 tarn
1175 4112 1291 4178 praeclare
1304 4131 1341 4163 os·
