<?xml version="1.0" encoding="UTF-8"?>
<!DOCTYPE html PUBLIC "-//W3C//DTD XHTML 1.0 Transitional//EN"
    "http://www.w3.org/TR/xhtml1/DTD/xhtml1-transitional.dtd">
<html xmlns="http://www.w3.org/1999/xhtml" xml:lang="en" lang="en">
 <head>
  <title>
</title>
<meta http-equiv="Content-Type" content="text/html;charset=utf-8" />
  <meta name='ocr-system' content='tesseract 3.04.00' />
  <meta name='ocr-capabilities' content='ocr_page ocr_carea ocr_par ocr_line ocrx_word'/>
</head>
<body>
  <div class='ocr_page' id='page_1' title='image "./speciminisinaug00heemgoog_0301.png"; bbox 0 0 2892 5042; ppageno 0'>
   <div class='ocr_carea' id='block_1_1' title="bbox 600 506 661 568">
    <p class='ocr_par' dir='ltr' id='par_1_1' title="bbox 600 506 661 568">
     <span class='ocr_line' id='line_1_1' title="bbox 600 506 661 568; baseline 0.033 -2"><span class='ocrx_word' id='word_1_1' title='bbox 600 506 661 568; x_wconf 79' lang='lat'><strong>155</strong></span> 
     </span>
    </p>
   </div>
   <div class='ocr_carea' id='block_1_2' title="bbox 39 673 1209 3239">
    <p class='ocr_par' dir='ltr' id='par_1_2' title="bbox 131 673 1119 887">
     <span class='ocr_line' id='line_1_2' title="bbox 131 673 1119 778; baseline 0.011 -29"><span class='ocrx_word' id='word_1_2' title='bbox 131 673 277 774; x_wconf 77' lang='lat' dir='ltr'><strong>Ingenio</strong></span> <span class='ocrx_word' id='word_1_3' title='bbox 305 685 522 775; x_wconf 75' lang='lat' dir='ltr'><strong>religionum,</strong></span> <span class='ocrx_word' id='word_1_4' title='bbox 545 687 587 753; x_wconf 85' lang='lat' dir='ltr'><strong>de</strong></span> <span class='ocrx_word' id='word_1_5' title='bbox 606 681 752 777; x_wconf 79' lang='lat' dir='ltr'><strong>Ingenio</strong></span> <span class='ocrx_word' id='word_1_6' title='bbox 774 692 943 778; x_wconf 74' lang='lat' dir='ltr'><strong>gentium,</strong></span> <span class='ocrx_word' id='word_1_7' title='bbox 974 702 1034 758; x_wconf 81' lang='lat' dir='ltr'><strong>etc.</strong></span> <span class='ocrx_word' id='word_1_8' title='bbox 1076 692 1119 761; x_wconf 81' lang='lat' dir='ltr'><strong>Ea</strong></span> 
     </span>
     <span class='ocr_line' id='line_1_3' title="bbox 132 799 1074 887; baseline 0.006 -24"><span class='ocrx_word' id='word_1_9' title='bbox 132 802 205 863; x_wconf 76' lang='lat' dir='ltr'><strong>verb</strong></span> <span class='ocrx_word' id='word_1_10' title='bbox 226 799 329 864; x_wconf 81' lang='lat' dir='ltr'><strong>omnia</strong></span> <span class='ocrx_word' id='word_1_11' title='bbox 349 799 530 886; x_wconf 74' lang='lat' dir='ltr'><strong>singillatim</strong></span> <span class='ocrx_word' id='word_1_12' title='bbox 550 822 712 866; x_wconf 84' lang='lat' dir='ltr'><strong>recensere</strong></span> <span class='ocrx_word' id='word_1_13' title='bbox 730 801 825 887; x_wconf 87' lang='lat' dir='ltr'><strong>hujus</strong></span> <span class='ocrx_word' id='word_1_14' title='bbox 847 804 909 868; x_wconf 86' lang='lat' dir='ltr'><strong>loci</strong></span> <span class='ocrx_word' id='word_1_15' title='bbox 931 825 995 869; x_wconf 90' lang='lat' dir='ltr'><strong>non</strong></span> <span class='ocrx_word' id='word_1_16' title='bbox 1019 815 1074 870; x_wconf 87' lang='lat' dir='ltr'><strong>est.</strong></span> 
     </span>
    </p>

    <p class='ocr_par' dir='ltr' id='par_1_3' title="bbox 39 912 1209 1450">
     <span class='ocr_line' id='line_1_4' title="bbox 176 912 1209 1002; baseline 0.007 -27"><span class='ocrx_word' id='word_1_17' title='bbox 176 914 276 976; x_wconf 76' lang='lat' dir='ltr'><strong>Fuere</strong></span> <span class='ocrx_word' id='word_1_18' title='bbox 298 912 409 990; x_wconf 86' lang='lat' dir='ltr'><strong>etiam,</strong></span> <span class='ocrx_word' id='word_1_19' title='bbox 433 912 489 997; x_wconf 91' lang='lat' dir='ltr'><strong>qui</strong></span> <span class='ocrx_word' id='word_1_20' title='bbox 511 913 551 977; x_wconf 89' lang='lat' dir='ltr'><strong>de</strong></span> <span class='ocrx_word' id='word_1_21' title='bbox 578 912 688 978; x_wconf 90' lang='lat' dir='ltr'><strong>iisdem</strong></span> <span class='ocrx_word' id='word_1_22' title='bbox 705 914 899 1002; x_wconf 73' lang='lat' dir='ltr'><strong>argumentis</strong></span> <span class='ocrx_word' id='word_1_23' title='bbox 925 936 999 981; x_wconf 85' lang='lat' dir='ltr'><strong>cum</strong></span> <span class='ocrx_word' id='word_1_24' title='bbox 1022 916 1061 981; x_wconf 79' lang='lat' dir='ltr'><strong>A.</strong></span> <span class='ocrx_word' id='word_1_25' title='bbox 1080 918 1118 983; x_wconf 80' lang='lat' dir='ltr'><strong>u.</strong></span> <span class='ocrx_word' id='word_1_26' title='bbox 1205 991 1209 999; x_wconf 31' lang='lat'>¹</span> 
     </span>
     <span class='ocr_line' id='line_1_5' title="bbox 131 1024 1121 1108; baseline 0.004 -19"><span class='ocrx_word' id='word_1_27' title='bbox 131 1024 317 1102; x_wconf 76' lang='lat' dir='ltr'><strong>scribentes,</strong></span> <span class='ocrx_word' id='word_1_28' title='bbox 347 1025 414 1108; x_wconf 87' lang='lat' dir='ltr'><strong>ejus</strong></span> <span class='ocrx_word' id='word_1_29' title='bbox 435 1025 615 1090; x_wconf 81' lang='lat' dir='ltr'><strong>methodum</strong></span> <span class='ocrx_word' id='word_1_30' title='bbox 636 1027 783 1091; x_wconf 78' lang='lat' dir='ltr'><strong>lubenter</strong></span> <span class='ocrx_word' id='word_1_31' title='bbox 800 1027 1013 1106; x_wconf 79' lang='lat' dir='ltr'><strong>imitarentur,</strong></span> <span class='ocrx_word' id='word_1_32' title='bbox 1044 1029 1121 1093; x_wconf 88' lang='lat' dir='ltr'><strong>licet</strong></span> 
     </span>
     <span class='ocr_line' id='line_1_6' title="bbox 131 1135 1120 1226; baseline 0.001 -25"><span class='ocrx_word' id='word_1_33' title='bbox 131 1137 172 1201; x_wconf 78' lang='lat' dir='ltr'><strong>ad</strong></span> <span class='ocrx_word' id='word_1_34' title='bbox 190 1138 285 1202; x_wconf 90' lang='lat' dir='ltr'><strong>aliam</strong></span> <span class='ocrx_word' id='word_1_35' title='bbox 302 1135 487 1200; x_wconf 86' lang='lat' dir='ltr'><strong>sententiam</strong></span> <span class='ocrx_word' id='word_1_36' title='bbox 505 1149 681 1226; x_wconf 81' lang='lat' dir='ltr'><strong>vergerent.</strong></span> <span class='ocrx_word' id='word_1_37' title='bbox 716 1140 860 1219; x_wconf 85' lang='lat' dir='ltr'><strong>Quorum</strong></span> <span class='ocrx_word' id='word_1_38' title='bbox 885 1140 1020 1224; x_wconf 87' lang='lat' dir='ltr'><strong>palmam</strong></span> <span class='ocrx_word' id='word_1_39' title='bbox 1044 1138 1120 1204; x_wconf 89' lang='lat' dir='ltr'><strong>tulit</strong></span> 
     </span>
     <span class='ocr_line' id='line_1_7' title="bbox 39 1247 1122 1338; baseline 0.002 -25"><span class='ocrx_word' id='word_1_40' title='bbox 39 1288 45 1299; x_wconf 66' lang='lat'>=</span> <span class='ocrx_word' id='word_1_41' title='bbox 130 1258 288 1332; x_wconf 82' lang='lat' dir='ltr'><strong>praestans</strong></span> <span class='ocrx_word' id='word_1_42' title='bbox 328 1247 491 1315; x_wconf 81' lang='lat' dir='ltr'><strong>historiens</strong></span> <span class='ocrx_word' id='word_1_43' title='bbox 526 1260 557 1315; x_wconf 89' lang='lat' dir='ltr'><strong>et</strong></span> <span class='ocrx_word' id='word_1_44' title='bbox 591 1250 742 1316; x_wconf 78' lang='lat' dir='ltr'><strong>libertatis</strong></span> <span class='ocrx_word' id='word_1_45' title='bbox 779 1250 927 1338; x_wconf 90' lang='lat' dir='ltr'><strong>politicae</strong></span> <span class='ocrx_word' id='word_1_46' title='bbox 972 1252 1122 1337; x_wconf 80' lang='lat' dir='ltr'><strong>patronus</strong></span> 
     </span>
     <span class='ocr_line' id='line_1_8' title="bbox 131 1361 320 1450; baseline 0.005 -24"><span class='ocrx_word' id='word_1_47' title='bbox 131 1383 238 1426; x_wconf 70' lang='lat' dir='ltr'><strong>nanu</strong></span> <span class='ocrx_word' id='word_1_48' title='bbox 262 1361 320 1450; x_wconf 90' lang='lat'><strong>(1).</strong></span> 
     </span>
    </p>

    <p class='ocr_par' dir='ltr' id='par_1_4' title="bbox 129 1474 1121 2553">
     <span class='ocr_line' id='line_1_9' title="bbox 174 1474 1121 1560; baseline -0.001 -21"><span class='ocrx_word' id='word_1_49' title='bbox 174 1477 302 1553; x_wconf 88' lang='lat' dir='ltr'><strong>Postea,</strong></span> <span class='ocrx_word' id='word_1_50' title='bbox 325 1475 465 1560; x_wconf 83' lang='lat' dir='ltr'><strong>proxime</strong></span> <span class='ocrx_word' id='word_1_51' title='bbox 483 1485 555 1540; x_wconf 88' lang='lat' dir='ltr'><strong>ante</strong></span> <span class='ocrx_word' id='word_1_52' title='bbox 574 1495 679 1539; x_wconf 88' lang='lat' dir='ltr'><strong>rerum</strong></span> <span class='ocrx_word' id='word_1_53' title='bbox 690 1474 1044 1552; x_wconf 51' lang='lat' dir='ltr'><strong>contemnemdum</strong></span> <span class='ocrx_word' id='word_1_54' title='bbox 1063 1476 1121 1538; x_wconf 72' lang='lat' dir='ltr'><strong>ab·</strong></span> 
     </span>
     <span class='ocr_line' id='line_1_10' title="bbox 131 1588 1120 1676; baseline -0.001 -23"><span class='ocrx_word' id='word_1_55' title='bbox 131 1591 476 1666; x_wconf 74' lang='lat' dir='ltr'><strong>uunrnnshouenuas,</strong></span> <span class='ocrx_word' id='word_1_56' title='bbox 494 1588 669 1652; x_wconf 77' lang='lat' dir='ltr'><strong>existimans</strong></span> <span class='ocrx_word' id='word_1_57' title='bbox 679 1608 1120 1676; x_wconf 73' lang='lat' dir='ltr'><strong>uonmomvmuargumen-</strong></span> 
     </span>
     <span class='ocr_line' id='line_1_11' title="bbox 131 1698 1118 1787; baseline 0.001 -23"><span class='ocrx_word' id='word_1_58' title='bbox 131 1711 200 1764; x_wconf 91' lang='lat' dir='ltr'><strong>tum</strong></span> <span class='ocrx_word' id='word_1_59' title='bbox 227 1722 319 1765; x_wconf 89' lang='lat' dir='ltr'><strong>suum</strong></span> <span class='ocrx_word' id='word_1_60' title='bbox 345 1721 410 1765; x_wconf 89' lang='lat' dir='ltr'><strong>uon</strong></span> <span class='ocrx_word' id='word_1_61' title='bbox 434 1700 506 1765; x_wconf 82' lang='lat' dir='ltr'><strong>satie</strong></span> <span class='ocrx_word' id='word_1_62' title='bbox 532 1701 719 1783; x_wconf 79' lang='lat' dir='ltr'><strong>elaborasse,</strong></span> <span class='ocrx_word' id='word_1_63' title='bbox 744 1701 909 1765; x_wconf 86' lang='lat' dir='ltr'><strong>consilium</strong></span> <span class='ocrx_word' id='word_1_64' title='bbox 930 1698 1068 1787; x_wconf 75' lang='lat' dir='ltr'><strong>suscepit</strong></span> <span class='ocrx_word' id='word_1_65' title='bbox 1084 1700 1118 1765; x_wconf 88' lang='lat' dir='ltr'><strong>in</strong></span> 
     </span>
     <span class='ocr_line' id='line_1_12' title="bbox 130 1809 1118 1901; baseline -0.002 -23"><span class='ocrx_word' id='word_1_66' title='bbox 130 1816 237 1901; x_wconf 89' lang='lat' dir='ltr'><strong>legum</strong></span> <span class='ocrx_word' id='word_1_67' title='bbox 258 1814 392 1880; x_wconf 84' lang='lat' dir='ltr'><strong>suasoria</strong></span> <span class='ocrx_word' id='word_1_68' title='bbox 418 1825 450 1878; x_wconf 91' lang='lat' dir='ltr'><strong>et</strong></span> <span class='ocrx_word' id='word_1_69' title='bbox 474 1836 581 1879; x_wconf 88' lang='lat' dir='ltr'><strong>causas</strong></span> <span class='ocrx_word' id='word_1_70' title='bbox 605 1813 787 1899; x_wconf 87' lang='lat' dir='ltr'><strong>inquirendi</strong></span> <span class='ocrx_word' id='word_1_71' title='bbox 808 1835 864 1898; x_wconf 90' lang='lat' dir='ltr'><strong>per</strong></span> <span class='ocrx_word' id='word_1_72' title='bbox 883 1809 994 1879; x_wconf 86' lang='lat' dir='ltr'><strong>totum¹</strong></span> <span class='ocrx_word' id='word_1_73' title='bbox 1011 1813 1118 1876; x_wconf 88' lang='lat' dir='ltr'><strong>orbem</strong></span> 
     </span>
     <span class='ocr_line' id='line_1_13' title="bbox 130 1926 1118 2012; baseline -0.006 -20"><span class='ocrx_word' id='word_1_74' title='bbox 130 1939 299 2009; x_wconf 87' lang='lat' dir='ltr'><strong>terrarum;</strong></span> <span class='ocrx_word' id='word_1_75' title='bbox 322 1927 529 2012; x_wconf 76' lang='lat' dir='ltr'><strong>verquuod</strong></span> <span class='ocrx_word' id='word_1_76' title='bbox 540 1926 597 1989; x_wconf 86' lang='lat' dir='ltr'><strong>sibi</strong></span> <span class='ocrx_word' id='word_1_77' title='bbox 615 1936 835 2010; x_wconf 86' lang='lat' dir='ltr'><strong>proposuerat,</strong></span> <span class='ocrx_word' id='word_1_78' title='bbox 856 1946 932 2009; x_wconf 90' lang='lat' dir='ltr'><strong>opus</strong></span> <span class='ocrx_word' id='word_1_79' title='bbox 953 1944 1118 2008; x_wconf 90' lang='lat' dir='ltr'><strong>nunquam</strong></span> 
     </span>
     <span class='ocr_line' id='line_1_14' title="bbox 129 2034 1117 2123; baseline -0.007 -19"><span class='ocrx_word' id='word_1_80' title='bbox 129 2038 170 2104; x_wconf 81' lang='lat' dir='ltr'><strong>ad</strong></span> <span class='ocrx_word' id='word_1_81' title='bbox 198 2038 293 2103; x_wconf 84' lang='lat' dir='ltr'><strong>finem</strong></span> <span class='ocrx_word' id='word_1_82' title='bbox 324 2037 488 2123; x_wconf 84' lang='lat' dir='ltr'><strong>perduxit,</strong></span> <span class='ocrx_word' id='word_1_83' title='bbox 516 2037 615 2101; x_wconf 91' lang='lat' dir='ltr'><strong>turbis</strong></span> <span class='ocrx_word' id='word_1_84' title='bbox 641 2036 784 2102; x_wconf 86' lang='lat' dir='ltr'><strong>civilibus</strong></span> <span class='ocrx_word' id='word_1_85' title='bbox 801 2056 915 2122; x_wconf 87' lang='lat' dir='ltr'><strong>nempe</strong></span> <span class='ocrx_word' id='word_1_86' title='bbox 934 2034 1117 2120; x_wconf 86' lang='lat' dir='ltr'><strong>impeditus,</strong></span> 
     </span>
     <span class='ocr_line' id='line_1_15' title="bbox 130 2144 1116 2238; baseline -0.006 -22"><span class='ocrx_word' id='word_1_87' title='bbox 130 2154 268 2238; x_wconf 86' lang='lat' dir='ltr'><strong>quarum</strong></span> <span class='ocrx_word' id='word_1_88' title='bbox 287 2171 357 2235; x_wconf 88' lang='lat' dir='ltr'><strong>pars</strong></span> <span class='ocrx_word' id='word_1_89' title='bbox 375 2172 489 2237; x_wconf 88' lang='lat' dir='ltr'><strong>magna</strong></span> <span class='ocrx_word' id='word_1_90' title='bbox 511 2151 588 2229; x_wconf 82' lang='lat' dir='ltr'><strong>lait3</strong></span> <span class='ocrx_word' id='word_1_91' title='bbox 619 2171 657 2215; x_wconf 88' lang='lat' dir='ltr'><strong>ac</strong></span> <span class='ocrx_word' id='word_1_92' title='bbox 673 2149 813 2235; x_wconf 87' lang='lat' dir='ltr'><strong>denique</strong></span> <span class='ocrx_word' id='word_1_93' title='bbox 832 2149 869 2213; x_wconf 84' lang='lat' dir='ltr'><strong>iis</strong></span> <span class='ocrx_word' id='word_1_94' title='bbox 891 2148 1039 2213; x_wconf 89' lang='lat' dir='ltr'><strong>occubuit</strong></span> <span class='ocrx_word' id='word_1_95' title='bbox 1059 2145 1071 2236; x_wconf 82' lang='lat'>(</span> <span class='ocrx_word' id='word_1_96' title='bbox 1093 2144 1116 2232; x_wconf 89' lang='lat'><strong>).</strong></span> 
     </span>
     <span class='ocr_line' id='line_1_16' title="bbox 134 2246 1117 2352; baseline -0.006 -23"><span class='ocrx_word' id='word_1_97' title='bbox 134 2246 333 2332; x_wconf 70' lang='lat' dir='ltr'><strong>Universum</strong></span> <span class='ocrx_word' id='word_1_98' title='bbox 345 2264 595 2352; x_wconf 80' lang='lat' dir='ltr'><strong>legumlotionir</strong></span> <span class='ocrx_word' id='word_1_99' title='bbox 609 2263 786 2327; x_wconf 68' lang='lat' dir='ltr'><strong>historiam</strong></span> <span class='ocrx_word' id='word_1_100' title='bbox 804 2273 923 2327; x_wconf 89' lang='lat' dir='ltr'><strong>mutato</strong></span> <span class='ocrx_word' id='word_1_101' title='bbox 943 2264 1117 2326; x_wconf 74' lang='lat' dir='ltr'><strong>abnuam</strong></span> 
     </span>
     <span class='ocr_line' id='line_1_17' title="bbox 131 2371 1119 2462; baseline -0.006 -20"><span class='ocrx_word' id='word_1_102' title='bbox 131 2375 287 2442; x_wconf 86' lang='lat' dir='ltr'><strong>schemate</strong></span> <span class='ocrx_word' id='word_1_103' title='bbox 317 2375 418 2462; x_wconf 80' lang='lat'>(1812</span> <span class='ocrx_word' id='word_1_104' title='bbox 449 2371 530 2460; x_wconf 89' lang='lat' dir='ltr'><strong>sqq.)</strong></span> <span class='ocrx_word' id='word_1_105' title='bbox 565 2374 704 2439; x_wconf 88' lang='lat' dir='ltr'><strong>condidit</strong></span> <span class='ocrx_word' id='word_1_106' title='bbox 731 2377 790 2441; x_wconf 85' lang='lat' dir='ltr'><strong>cel.</strong></span> <span class='ocrx_word' id='word_1_107' title='bbox 820 2395 991 2441; x_wconf 75' lang='lat' dir='ltr'><strong>aserenan.</strong></span> <span class='ocrx_word' id='word_1_108' title='bbox 1032 2374 1119 2437; x_wconf 81' lang='lat' dir='ltr'><strong>Haec</strong></span> 
     </span>
     <span class='ocr_line' id='line_1_18' title="bbox 132 2488 980 2553; baseline 0 -2"><span class='ocrx_word' id='word_1_109' title='bbox 132 2491 204 2553; x_wconf 84' lang='lat' dir='ltr'><strong>verb</strong></span> <span class='ocrx_word' id='word_1_110' title='bbox 222 2488 392 2552; x_wconf 82' lang='lat' dir='ltr'><strong>mittamus.</strong></span> <span class='ocrx_word' id='word_1_111' title='bbox 429 2526 432 2531; x_wconf 90' lang='lat'>-</span> <span class='ocrx_word' id='word_1_112' title='bbox 974 2542 980 2551; x_wconf 83' lang='grc'><strong>,</strong></span> 
     </span>
    </p>

    <p class='ocr_par' dir='ltr' id='par_1_5' title="bbox 130 2593 1122 3239">
     <span class='ocr_line' id='line_1_19' title="bbox 177 2593 1122 2688; baseline -0.008 -22"><span class='ocrx_word' id='word_1_113' title='bbox 177 2604 251 2666; x_wconf 81' lang='lat' dir='ltr'><strong>Post</strong></span> <span class='ocrx_word' id='word_1_114' title='bbox 270 2601 391 2688; x_wconf 85' lang='lat' dir='ltr'><strong>aliquot</strong></span> <span class='ocrx_word' id='word_1_115' title='bbox 415 2620 512 2664; x_wconf 85' lang='lat' dir='ltr'><strong>annos</strong></span> <span class='ocrx_word' id='word_1_116' title='bbox 537 2596 643 2665; x_wconf 90' lang='lat' dir='ltr'><strong>denuo</strong></span> <span class='ocrx_word' id='word_1_117' title='bbox 660 2593 777 2682; x_wconf 83' lang='grc'><strong>(1761)</strong></span> <span class='ocrx_word' id='word_1_118' title='bbox 800 2595 1051 2660; x_wconf 63' lang='lat' dir='ltr'><strong>obseruatione</strong></span> <span class='ocrx_word' id='word_1_119' title='bbox 1073 2593 1122 2658; x_wconf 79' lang='lat' dir='ltr'><strong>ad</strong></span> 
     </span>
     <span class='ocr_line' id='line_1_20' title="bbox 131 2707 1119 2806; baseline -0.013 -24"><span class='ocrx_word' id='word_1_120' title='bbox 131 2738 215 2806; x_wconf 71' lang='lat' dir='ltr'><strong>opos</strong></span> <span class='ocrx_word' id='word_1_121' title='bbox 239 2714 424 2803; x_wconf 70' lang='lat' dir='ltr'><strong>(lelegum</strong></span> <span class='ocrx_word' id='word_1_122' title='bbox 453 2711 598 2801; x_wconf 81' lang='lat' dir='ltr'><strong>Ingenio</strong></span> <span class='ocrx_word' id='word_1_123' title='bbox 625 2710 770 2795; x_wconf 78' lang='lat' dir='ltr'><strong>prodiere</strong></span> <span class='ocrx_word' id='word_1_124' title='bbox 789 2711 927 2775; x_wconf 82' lang='lat' dir='ltr'><strong>Auctore</strong></span> <span class='ocrx_word' id='word_1_125' title='bbox 956 2707 1014 2772; x_wconf 88' lang='lat' dir='ltr'><strong>cel.</strong></span> <span class='ocrx_word' id='word_1_126' title='bbox 1039 2726 1119 2770; x_wconf 76' lang='lat' dir='ltr'><strong>enu-</strong></span> 
     </span>
     <span class='ocr_line' id='line_1_21' title="bbox 134 2817 1122 2913; baseline -0.013 -18"><span class='ocrx_word' id='word_1_127' title='bbox 134 2851 259 2908; x_wconf 80' lang='lat' dir='ltr'><strong>vmnro,</strong></span> <span class='ocrx_word' id='word_1_128' title='bbox 281 2826 336 2913; x_wconf 91' lang='lat' dir='ltr'><strong>qui</strong></span> <span class='ocrx_word' id='word_1_129' title='bbox 361 2825 500 2889; x_wconf 87' lang='lat' dir='ltr'><strong>minutiis</strong></span> <span class='ocrx_word' id='word_1_130' title='bbox 519 2823 646 2910; x_wconf 89' lang='lat' dir='ltr'><strong>quidem</strong></span> <span class='ocrx_word' id='word_1_131' title='bbox 665 2824 852 2910; x_wconf 88' lang='lat' dir='ltr'><strong>plerquue</strong></span> <span class='ocrx_word' id='word_1_132' title='bbox 871 2817 1014 2897; x_wconf 87' lang='lat' dir='ltr'><strong>inhaesit,</strong></span> <span class='ocrx_word' id='word_1_133' title='bbox 1037 2828 1122 2883; x_wconf 81' lang='lat' dir='ltr'><strong>atta-</strong></span> 
     </span>
     <span class='ocr_line' id='line_1_22' title="bbox 131 2918 1118 3026; baseline -0.011 -20"><span class='ocrx_word' id='word_1_134' title='bbox 131 2963 205 3006; x_wconf 89' lang='lat' dir='ltr'><strong>men</strong></span> <span class='ocrx_word' id='word_1_135' title='bbox 220 2936 398 3026; x_wconf 79' lang='lat' dir='ltr'><strong>complures</strong></span> <span class='ocrx_word' id='word_1_136' title='bbox 418 2937 545 3003; x_wconf 88' lang='lat' dir='ltr'><strong>mendas</strong></span> <span class='ocrx_word' id='word_1_137' title='bbox 563 2918 663 3022; x_wconf 82' lang='lat' dir='ltr'><strong>operis</strong></span> <span class='ocrx_word' id='word_1_138' title='bbox 682 2934 798 3023; x_wconf 79' lang='lat' dir='ltr'><strong>magud</strong></span> <span class='ocrx_word' id='word_1_139' title='bbox 819 2940 893 2999; x_wconf 84' lang='lat' dir='ltr'><strong>cum</strong></span> <span class='ocrx_word' id='word_1_140' title='bbox 911 2923 1043 3012; x_wconf 67' lang='grc' dir='ltr'><strong>ὧφιβείᾳ</strong></span> <span class='ocrx_word' id='word_1_141' title='bbox 1064 2929 1118 2995; x_wconf 85' lang='lat' dir='ltr'><strong>de-</strong></span> 
     </span>
     <span class='ocr_line' id='line_1_23' title="bbox 131 3042 1119 3133; baseline -0.01 -16"><span class='ocrx_word' id='word_1_142' title='bbox 131 3053 208 3117; x_wconf 80' lang='lat' dir='ltr'><strong>texit</strong></span> <span class='ocrx_word' id='word_1_143' title='bbox 233 3063 263 3115; x_wconf 87' lang='lat' dir='ltr'><strong>et</strong></span> <span class='ocrx_word' id='word_1_144' title='bbox 285 3052 425 3114; x_wconf 89' lang='lat' dir='ltr'><strong>humano</strong></span> <span class='ocrx_word' id='word_1_145' title='bbox 442 3047 593 3133; x_wconf 89' lang='lat' dir='ltr'><strong>loquendi</strong></span> <span class='ocrx_word' id='word_1_146' title='bbox 612 3051 698 3109; x_wconf 88' lang='lat' dir='ltr'><strong>more</strong></span> <span class='ocrx_word' id='word_1_147' title='bbox 723 3068 798 3108; x_wconf 89' lang='lat' dir='ltr'><strong>usus</strong></span> <span class='ocrx_word' id='word_1_148' title='bbox 821 3055 882 3120; x_wconf 88' lang='lat' dir='ltr'><strong>est,</strong></span> <span class='ocrx_word' id='word_1_149' title='bbox 903 3044 1059 3127; x_wconf 83' lang='lat' dir='ltr'><strong>quanthm</strong></span> <span class='ocrx_word' id='word_1_150' title='bbox 1078 3042 1119 3107; x_wconf 79' lang='lat' dir='ltr'><strong>ad</strong></span> 
     </span>
     <span class='ocr_line' id='line_1_24' title="bbox 130 3150 1119 3239; baseline -0.017 -8"><span class='ocrx_word' id='word_1_151' title='bbox 130 3167 306 3230; x_wconf 83' lang='lat' dir='ltr'><strong>Romanam</strong></span> <span class='ocrx_word' id='word_1_152' title='bbox 326 3159 484 3224; x_wconf 86' lang='lat' dir='ltr'><strong>historiam</strong></span> <span class='ocrx_word' id='word_1_153' title='bbox 504 3157 638 3235; x_wconf 88' lang='lat' dir='ltr'><strong>adtinet;</strong></span> <span class='ocrx_word' id='word_1_154' title='bbox 663 3155 716 3219; x_wconf 85' lang='lat' dir='ltr'><strong>sed</strong></span> <span class='ocrx_word' id='word_1_155' title='bbox 735 3154 827 3219; x_wconf 88' lang='lat' dir='ltr'><strong>flocci</strong></span> <span class='ocrx_word' id='word_1_156' title='bbox 848 3151 1050 3239; x_wconf 89' lang='lat' dir='ltr'><strong>pendendum</strong></span> <span class='ocrx_word' id='word_1_157' title='bbox 1069 3150 1119 3215; x_wconf 76' lang='lat' dir='ltr'><strong>vi-</strong></span> 
     </span>
    </p>
   </div>
   <div class='ocr_carea' id='block_1_3' title="bbox 81 3435 1121 4152">
    <p class='ocr_par' dir='ltr' id='par_1_6' title="bbox 88 3435 1118 3972">
     <span class='ocr_line' id='line_1_25' title="bbox 170 3435 1118 3512; baseline -0.008 -17"><span class='ocrx_word' id='word_1_158' title='bbox 170 3445 210 3512; x_wconf 82' lang='lat'><strong>(1)</strong></span> <span class='ocrx_word' id='word_1_159' title='bbox 238 3447 388 3495; x_wconf 78' lang='lat' dir='ltr'><strong>Potissima&#39;am</strong></span> <span class='ocrx_word' id='word_1_160' title='bbox 409 3443 494 3511; x_wconf 82' lang='lat' dir='ltr'><strong>loquor</strong></span> <span class='ocrx_word' id='word_1_161' title='bbox 518 3440 547 3491; x_wconf 89' lang='lat' dir='ltr'><strong>de</strong></span> <span class='ocrx_word' id='word_1_162' title='bbox 566 3454 653 3491; x_wconf 78' lang='lat' dir='ltr'><strong>mm</strong></span> <span class='ocrx_word' id='word_1_163' title='bbox 677 3455 749 3506; x_wconf 84' lang='lat' dir='ltr'><strong>opere</strong></span> <span class='ocrx_word' id='word_1_164' title='bbox 773 3439 817 3488; x_wconf 88' lang='lat' dir='ltr'><strong>De</strong></span> <span class='ocrx_word' id='word_1_165' title='bbox 844 3439 871 3487; x_wconf 81' lang='lat' dir='ltr'><strong>lo</strong></span> <span class='ocrx_word' id='word_1_166' title='bbox 897 3435 1060 3503; x_wconf 74' lang='lat' dir='ltr'><strong>llqirlctt&#39;en,</strong></span> <span class='ocrx_word' id='word_1_167' title='bbox 1085 3452 1118 3487; x_wconf 79' lang='lat' dir='ltr'><strong>ott</strong></span> 
     </span>
     <span class='ocr_line' id='line_1_26' title="bbox 133 3530 1118 3604; baseline -0.011 -15"><span class='ocrx_word' id='word_1_168' title='bbox 133 3540 267 3604; x_wconf 74' lang='lat' dir='ltr'><strong>Priawipee</strong></span> <span class='ocrx_word' id='word_1_169' title='bbox 278 3537 323 3587; x_wconf 83' lang='lat' dir='ltr'><strong>dea</strong></span> <span class='ocrx_word' id='word_1_170' title='bbox 338 3540 388 3588; x_wconf 78' lang='lat' dir='ltr'><strong>loir</strong></span> <span class='ocrx_word' id='word_1_171' title='bbox 405 3535 491 3604; x_wconf 70' lang='lat' dir='ltr'><strong>(amsa</strong></span> <span class='ocrx_word' id='word_1_172' title='bbox 507 3534 596 3599; x_wconf 88' lang='grc'><strong>1777).</strong></span> <span class='ocrx_word' id='word_1_173' title='bbox 625 3533 688 3583; x_wconf 82' lang='lat' dir='ltr'><strong>Item</strong></span> <span class='ocrx_word' id='word_1_174' title='bbox 705 3532 815 3581; x_wconf 78' lang='lat' dir='ltr'><strong>Auctoris</strong></span> <span class='ocrx_word' id='word_1_175' title='bbox 835 3530 864 3583; x_wconf 78' lang='lat' dir='ltr'><strong>n.</strong></span> <span class='ocrx_word' id='word_1_176' title='bbox 880 3531 989 3596; x_wconf 79' lang='lat' dir='ltr'><strong>vestigiis</strong></span> <span class='ocrx_word' id='word_1_177' title='bbox 999 3530 1118 3580; x_wconf 82' lang='lat' dir='ltr'><strong>-instittre</strong></span> 
     </span>
     <span class='ocr_line' id='line_1_27' title="bbox 119 3620 1117 3697; baseline -0.01 -15"><span class='ocrx_word' id='word_1_178' title='bbox 119 3620 195 3682; x_wconf 29' lang='lat' dir='ltr'><strong>‘varii</strong></span> <span class='ocrx_word' id='word_1_179' title='bbox 211 3632 336 3697; x_wconf 82' lang='lat' dir='ltr'><strong>scriptores</strong></span> <span class='ocrx_word' id='word_1_180' title='bbox 352 3632 378 3680; x_wconf 87' lang='lat' dir='ltr'><strong>in</strong></span> <span class='ocrx_word' id='word_1_181' title='bbox 399 3630 494 3680; x_wconf 77' lang='lat' dir='ltr'><strong>Beroie</strong></span> <span class='ocrx_word' id='word_1_182' title='bbox 510 3644 557 3678; x_wconf 79' lang='lat' dir='ltr'><strong>rur</strong></span> <span class='ocrx_word' id='word_1_183' title='bbox 568 3625 680 3694; x_wconf 66' lang='lat' dir='ltr'><strong>lBspn&#39;t</strong></span> <span class='ocrx_word' id='word_1_184' title='bbox 695 3627 726 3676; x_wconf 81' lang='lat' dir='ltr'><strong>de</strong></span> <span class='ocrx_word' id='word_1_185' title='bbox 738 3629 765 3676; x_wconf 82' lang='lat' dir='ltr'><strong>la</strong></span> <span class='ocrx_word' id='word_1_186' title='bbox 786 3625 945 3693; x_wconf 76' lang='lat' dir='ltr'><strong>ligialata&#39;on,</strong></span> <span class='ocrx_word' id='word_1_187' title='bbox 958 3624 1044 3689; x_wconf 74' lang='lat' dir='ltr'><strong>pileos</strong></span> <span class='ocrx_word' id='word_1_188' title='bbox 1057 3638 1117 3672; x_wconf 81' lang='lat' dir='ltr'><strong>coat-</strong></span> 
     </span>
     <span class='ocr_line' id='line_1_28' title="bbox 132 3696 1117 3788; baseline -0.014 -15"><span class='ocrx_word' id='word_1_189' title='bbox 132 3722 237 3775; x_wconf 81' lang='lat' dir='ltr'><strong>rennles</strong></span> <span class='ocrx_word' id='word_1_190' title='bbox 246 3739 298 3788; x_wconf 85' lang='lat' dir='ltr'><strong>por</strong></span> <span class='ocrx_word' id='word_1_191' title='bbox 309 3724 335 3772; x_wconf 82' lang='lat' dir='ltr'><strong>lo</strong></span> <span class='ocrx_word' id='word_1_192' title='bbox 349 3721 442 3772; x_wconf 78' lang='lat' dir='ltr'><strong>rooiltl</strong></span> <span class='ocrx_word' id='word_1_193' title='bbox 453 3722 623 3786; x_wconf 75' lang='lat' dir='ltr'><strong>Eronomique</strong></span> <span class='ocrx_word' id='word_1_194' title='bbox 640 3721 672 3769; x_wconf 82' lang='lat' dir='ltr'><strong>de</strong></span> <span class='ocrx_word' id='word_1_195' title='bbox 689 3719 772 3767; x_wconf 79' lang='lat' dir='ltr'><strong>Barna</strong></span> <span class='ocrx_word' id='word_1_196' title='bbox 789 3716 865 3782; x_wconf 81' lang='lat' dir='ltr'><strong>(Paris</strong></span> <span class='ocrx_word' id='word_1_197' title='bbox 886 3715 963 3773; x_wconf 87' lang='grc'><strong>1766,</strong></span> <span class='ocrx_word' id='word_1_198' title='bbox 981 3715 1005 3760; x_wconf 89' lang='grc'><strong>11</strong></span> <span class='ocrx_word' id='word_1_199' title='bbox 1024 3729 1049 3759; x_wconf 85' lang='lat' dir='ltr'><strong>v.</strong></span> <span class='ocrx_word' id='word_1_200' title='bbox 1067 3696 1117 3777; x_wconf 72' lang='lat'><strong>8⁰).</strong></span> 
     </span>
     <span class='ocr_line' id='line_1_29' title="bbox 132 3800 1117 3877; baseline -0.017 -12"><span class='ocrx_word' id='word_1_201' title='bbox 132 3816 204 3866; x_wconf 81' lang='lat' dir='ltr'><strong>Porro</strong></span> <span class='ocrx_word' id='word_1_202' title='bbox 232 3815 517 3877; x_wconf 59' lang='lat' dir='ltr'><strong>memorandarum,</strong></span> <span class='ocrx_word' id='word_1_203' title='bbox 545 3811 649 3861; x_wconf 73' lang='lat' dir='ltr'><strong>Platoris</strong></span> <span class='ocrx_word' id='word_1_204' title='bbox 664 3810 709 3857; x_wconf 79' lang='lat' dir='ltr'><strong>lea</strong></span> <span class='ocrx_word' id='word_1_205' title='bbox 729 3810 778 3856; x_wconf 80' lang='lat' dir='ltr'><strong>laia</strong></span> <span class='ocrx_word' id='word_1_206' title='bbox 796 3805 888 3854; x_wconf 76' lang='lat' dir='ltr'><strong>civiles</strong></span> <span class='ocrx_word' id='word_1_207' title='bbox 905 3802 982 3868; x_wconf 79' lang='lat' dir='ltr'><strong>(Paris</strong></span> <span class='ocrx_word' id='word_1_208' title='bbox 996 3800 1073 3867; x_wconf 87' lang='grc'><strong>1767)</strong></span> <span class='ocrx_word' id='word_1_209' title='bbox 1094 3802 1117 3850; x_wconf 90' lang='grc'><strong>11</strong></span> 
     </span>
     <span class='ocr_line' id='line_1_30' title="bbox 88 3891 939 3972; baseline -0.019 -16"><span class='ocrx_word' id='word_1_210' title='bbox 88 3926 92 3932; x_wconf 90' lang='grc'>·</span> <span class='ocrx_word' id='word_1_211' title='bbox 133 3905 180 3956; x_wconf 80' lang='lat' dir='ltr'><strong>vol.</strong></span> <span class='ocrx_word' id='word_1_212' title='bbox 198 3909 223 3956; x_wconf 89' lang='lat' dir='ltr'><strong>in</strong></span> <span class='ocrx_word' id='word_1_213' title='bbox 243 3910 295 3972; x_wconf 75' lang='lat'><strong>1203</strong></span> <span class='ocrx_word' id='word_1_214' title='bbox 314 3921 422 3970; x_wconf 71' lang='lat' dir='ltr'><strong>tooure,</strong></span> <span class='ocrx_word' id='word_1_215' title='bbox 440 3907 478 3954; x_wconf 86' lang='lat' dir='ltr'><strong>lla</strong></span> <span class='ocrx_word' id='word_1_216' title='bbox 493 3901 609 3969; x_wconf 70' lang='lat' dir='ltr'><strong>tortqina</strong></span> <span class='ocrx_word' id='word_1_217' title='bbox 629 3900 673 3948; x_wconf 81' lang='lat' dir='ltr'><strong>dea</strong></span> <span class='ocrx_word' id='word_1_218' title='bbox 690 3900 740 3946; x_wconf 77' lang='lat' dir='ltr'><strong>lois</strong></span> <span class='ocrx_word' id='word_1_219' title='bbox 757 3896 835 3958; x_wconf 81' lang='lat' dir='ltr'><strong>(Paris</strong></span> <span class='ocrx_word' id='word_1_220' title='bbox 851 3891 939 3957; x_wconf 80' lang='grc'><strong>1768).</strong></span> 
     </span>
    </p>

    <p class='ocr_par' dir='ltr' id='par_1_7' title="bbox 81 3979 1121 4152">
     <span class='ocr_line' id='line_1_31' title="bbox 81 3979 1120 4064; baseline -0.012 -16"><span class='ocrx_word' id='word_1_221' title='bbox 81 4038 83 4041; x_wconf 95' lang='grc'>.</span> <span class='ocrx_word' id='word_1_222' title='bbox 167 3997 206 4064; x_wconf 74' lang='grc'><strong>(2)</strong></span> <span class='ocrx_word' id='word_1_223' title='bbox 224 3998 262 4049; x_wconf 83' lang='lat' dir='ltr'><strong>cl.</strong></span> <span class='ocrx_word' id='word_1_224' title='bbox 279 3992 580 4053; x_wconf 70' lang='lat' dir='ltr'><strong>matemautensem,</strong></span> <span class='ocrx_word' id='word_1_225' title='bbox 603 3992 629 4040; x_wconf 87' lang='lat' dir='ltr'><strong>in</strong></span> <span class='ocrx_word' id='word_1_226' title='bbox 654 3991 732 4038; x_wconf 72' lang='lat' dir='ltr'><strong>Visite</strong></span> <span class='ocrx_word' id='word_1_227' title='bbox 749 3985 766 4035; x_wconf 84' lang='lat' dir='ltr'><strong>d</strong></span> <span class='ocrx_word' id='word_1_228' title='bbox 782 3998 873 4034; x_wconf 79' lang='lat' dir='ltr'><strong>autres</strong></span> <span class='ocrx_word' id='word_1_229' title='bbox 894 3979 995 4051; x_wconf 81' lang='grc'><strong>(1786),</strong></span> <span class='ocrx_word' id='word_1_230' title='bbox 1020 3985 1063 4037; x_wconf 85' lang='lat' dir='ltr'><strong>cit.</strong></span> <span class='ocrx_word' id='word_1_231' title='bbox 1080 4002 1120 4053; x_wconf 80' lang='lat' dir='ltr'><strong>ap.</strong></span> 
     </span>
     <span class='ocr_line' id='line_1_32' title="bbox 133 4077 1121 4152; baseline -0.014 -13"><span class='ocrx_word' id='word_1_232' title='bbox 133 4109 156 4139; x_wconf 77' lang='lat' dir='ltr'><strong>v.</strong></span> <span class='ocrx_word' id='word_1_233' title='bbox 175 4089 208 4142; x_wconf 84' lang='lat' dir='ltr'><strong>cl.</strong></span> <span class='ocrx_word' id='word_1_234' title='bbox 227 4103 358 4152; x_wconf 71' lang='lat' dir='ltr'><strong>crocata,</strong></span> <span class='ocrx_word' id='word_1_235' title='bbox 386 4085 565 4152; x_wconf 73' lang='lat' dir='ltr'><strong>Reqtrqetaorl</strong></span> <span class='ocrx_word' id='word_1_236' title='bbox 581 4079 765 4149; x_wconf 67' lang='lat' dir='ltr'><strong>Manslroerlr,</strong></span> <span class='ocrx_word' id='word_1_237' title='bbox 784 4078 859 4142; x_wconf 85' lang='grc'><strong>1811,</strong></span> <span class='ocrx_word' id='word_1_238' title='bbox 884 4090 939 4142; x_wconf 83' lang='lat' dir='ltr'><strong>pag.</strong></span> <span class='ocrx_word' id='word_1_239' title='bbox 956 4077 1008 4126; x_wconf 76' lang='lat' dir='ltr'><strong>att</strong></span> <span class='ocrx_word' id='word_1_240' title='bbox 1024 4094 1075 4146; x_wconf 82' lang='lat' dir='ltr'><strong>sqq.</strong></span> <span class='ocrx_word' id='word_1_241' title='bbox 1095 4079 1121 4131; x_wconf 81' lang='lat' dir='ltr'><strong>in</strong></span> 
     </span>
    </p>
   </div>
   <div class='ocr_carea' id='block_1_4' title="bbox 39 4170 1038 4244">
    <p class='ocr_par' dir='ltr' id='par_1_8' title="bbox 39 4170 1038 4244">
     <span class='ocr_line' id='line_1_33' title="bbox 39 4170 1038 4244; baseline -0.012 -11"><span class='ocrx_word' id='word_1_242' title='bbox 39 4230 41 4233; x_wconf 81' lang='grc'><strong>,</strong></span> <span class='ocrx_word' id='word_1_243' title='bbox 134 4184 189 4231; x_wconf 77' lang='lat' dir='ltr'><strong>nott</strong></span> <span class='ocrx_word' id='word_1_244' title='bbox 206 4181 236 4233; x_wconf 82' lang='lat' dir='ltr'><strong>ad</strong></span> <span class='ocrx_word' id='word_1_245' title='bbox 254 4193 460 4244; x_wconf 70' lang='lat' dir='ltr'><strong>intrauerint,</strong></span> <span class='ocrx_word' id='word_1_246' title='bbox 478 4178 541 4226; x_wconf 80' lang='lat' dir='ltr'><strong>Btik</strong></span> <span class='ocrx_word' id='word_1_247' title='bbox 558 4190 588 4240; x_wconf 82' lang='lat' dir='ltr'><strong>op</strong></span> <span class='ocrx_word' id='word_1_248' title='bbox 608 4176 638 4223; x_wconf 78' lang='lat' dir='ltr'><strong>dc</strong></span> <span class='ocrx_word' id='word_1_249' title='bbox 658 4172 782 4222; x_wconf 74' lang='lat' dir='ltr'><strong>Doitsolra</strong></span> <span class='ocrx_word' id='word_1_250' title='bbox 802 4170 1038 4237; x_wconf 75' lang='lat' dir='ltr'><strong>reptsgoleerdleil.</strong></span> 
     </span>
    </p>
   </div>
   <div class='ocr_carea' id='block_1_5' title="bbox 0 0 1450 5042">
    <p class='ocr_par' dir='ltr' id='par_1_9' title="bbox 0 0 1450 5042">
     <span class='ocr_line' id='line_1_34' title="bbox 0 0 1450 5042; baseline 0 0"><span class='ocrx_word' id='word_1_251' title='bbox 0 0 1450 5042; x_wconf 95' lang='lat' dir='ltr'><strong> </strong></span> 
     </span>
    </p>
   </div>
  </div>
 </body>
</html>
