2892 5042
782 494 845 558 1⁰8

315 683 529 771 judicaturum
552 701 585 744 se
609 679 702 755 dicit,
725 675 845 740 renone
864 672 969 738 habitet
987 672 1105 734 formae
1124 664 1303 755 regiminis;

319 817 378 860 nec
403 795 568 881 perspicit,
597 812 692 877 quam
718 788 843 851 infirmo
864 784 991 849 vinculo
1016 783 1095 848 haec
1114 782 1177 846 duo
1194 780 1306 846 cohoe-

319 919 407 973 reant
428 907 486 995 (1)
525 909 589 970 Nec
611 906 703 968 etiam
725 901 841 964 validas
861 897 986 962 exhibet
1003 899 1136 960 rationes
1156 916 1213 980 pro
1232 917 1305 958 sen-

318 1021 415 1084 tentia
443 1020 513 1095 sul,
547 1019 656 1081 luxum
678 1012 890 1078 cohibendum
916 1033 980 1074 esse
1001 1010 1035 1072 in
1056 1007 1199 1094 populari
1216 1008 1303 1093 regi·

318 1133 418 1208 mine,
442 1133 519 1194 item
544 1131 578 1192 in
606 1127 815 1192 aristocratico
834 1123 1076 1201 moderandum
1096 1123 1208 1184 ‘verum
1231 1141 1304 1182 mo-

289 1267 293 1273 ·
319 1243 465 1309 narchiae
487 1254 518 1306 et
540 1241 714 1325 despoticae
732 1240 850 1303 formae
870 1235 1022 1320 prodesse.
1208 1233 1210 1236 ’

363 1357 497 1420 Luxum
518 1355 604 1416 enim
621 1351 731 1415 haberi
750 1349 906 1434 perhibet,
940 1347 1059 1432 quoties
1086 1344 1230 1410 homiues
1248 1342 1304 1407 sibi

320 1479 503 1553 comparant
530 1489 579 1530 res
605 1465 831 1529 consumendos
851 1473 973 1547 praeter
1002 1460 1100 1537 illud,
1136 1481 1201 1545 quo
1226 1457 1306 1521 indi·

321 1594 405 1668 gent.
428 1583 496 1645 Hoc
513 1591 618 1644 autem
638 1579 761 1643 varium
781 1576 895 1642 accidit
916 1599 974 1661 pro
987 1575 1107 1639 diversa
1124 1573 1305 1639 conditione

319 1694 489 1767 societatis,
519 1694 562 1754 ita
587 1702 624 1753 ut
641 1690 801 1753 hodiernis
824 1690 948 1773 populis
967 1711 1014 1752 res
1037 1708 1177 1751 summae
1196 1706 1307 1749 neces-

320 1804 416 1868 sitatis
435 1803 599 1867 rideantur
626 1801 820 1884 complures,
846 1821 982 1886 quarum
1002 1822 1095 1864 usum
1122 1799 1200 1864 adeo
1218 1798 1306 1888 igno-

320 1929 425 1982 rarent
444 1917 586 2001 majores.
600 1917 685 2000 ,Non
697 1936 836 2000 expresso
854 1914 941 1991 dicit,
960 1917 1083 2000 qualem
1098 1913 1305 1979 conditionem

320 2030 374 2095 hle
392 2030 548 2114 intelligat
564 2031 601 2094 A.
622 2029 650 2091 N
653 2053 671 2106 .;
697 2030 823 2104 vertlm,
841 2029 997 2113 ,quonism
1019 2029 1136 2103 asserit,
1155 2027 1237 2089 inter
1251 2022 1307 2085 ho-

229 2175 232 2180 <
312 2129 421 2205 ‘mines
439 2141 508 2204 illos
526 2141 601 2202 luxu
622 2151 761 2202 carentes
774 2141 898 2222 plenam
918 2140 1072 2203 horrorum
1087 2137 1307 2224 aequalitatem

321 2256 397 2336 fore,
422 2265 508 2338 puto,
527 2273 600 2323 eum
618 2251 928 2337 designare-voluisse
947 2252 1057 2316 rudem
1076 2252 1164 2315 illam
1174 2251 1308 2314 societa-

322 2378 386 2430 tem
415 2363 717 2451 ichthyophagarum
740 2365 790 2428 vel
819 2366 1014 2452 sylvestrium
1038 2366 1201 2453 gentium3
1235 2384 1308 2425 nem

322 2481 452 2543 simulac
476 2502 511 2542 ex
530 2477 643 2542 harum
662 2490 744 2542 statu
769 2478 900 2566 emergit
920 2502 1018 2566 genus
1041 2478 1234 2554 humanum,
1257 2477 1308 2539 in-

323 2593 444 2677 cipiunt
472 2591 616 2656 nonnulli
638 2592 729 2675 plura
758 2592 816 2655 sihi
846 2585 1044 2680 comparare,
1075 2613 1171 2676 quam
1194 2588 1309 2674 quibus

322 2705 445 2788 pridem
464 2704 665 2791 indigebant,
688 2716 719 2767 et
736 2704 851 2767 exsistit
869 2705 1084 2789 inaequalitas.

367 2816 518 2879 Potuisset
534 2827 617 2879 certe
634 2838 888 2891 uounssonrvros
898 2817 1110 2880 definitionem
1122 2815 1210 2892 darc,
1225 2812 1307 2876 unde

322 2928 435 2990 melius
461 2927 629 3009 patefieret,
650 2948 727 3011 quos
751 2926 892 2991 homines
905 2930 992 2992 luxui
1011 2929 1130 2993 deditos
1156 2927 1307 2991 existima-

323 3047 387 3114 ret,
417 3059 561 3123 quosque
589 3040 708 3117 minus3
740 3041 850 3103 verrlm
881 3051 927 3104 tot
957 3041 996 3105 de
1029 3043 1105 3105 luxu
1133 3038 1308 3105 definiendo

323 3153 492 3216 sententiae
512 3164 726 3229 recensentur,
748 3164 824 3237 quot
841 3155 1003 3238 scriptores
1017 3155 1219 3219 oeconomici.
1246 3154 1310 3216 lta·

264 3265 266 3268 ’
322 3285 385 3350 que
406 3264 467 3330 hoc
486 3266 560 3329 vitio
578 3265 657 3329 rer-ti
682 3267 791 3351 nequit
812 3267 850 3330 A.
871 3268 994 3331 Nostro.
1037 3267 1107 3330 Sive
1130 3278 1236 3331 autem
1256 3288 1311 3329 su·

320 3378 440 3460 perflua
463 3377 566 3440 omnia
591 3376 630 3441 ad
657 3378 765 3441 lurum
787 3378 915 3456 relems,
940 3379 1002 3441 sive
1027 3379 1129 3442 omnia
1153 3378 1309 3443 artificum

322 3503 381 3575 ope
401 3490 565 3567 elaborata,
586 3492 649 3553 sive
668 3512 750 3576 quac
771 3512 875 3556 merae
893 3492 1058 3577 voluptatis
1078 3504 1164 3571 sunt,
1188 3514 1310 3577 semper

238 3633 242 3637 -
321 3600 354 3663 id
379 3600 547 3676 constabit,
570 3601 625 3663 uhi
644 3623 776 3685 magnus
795 3614 840 3665 cst
856 3604 964 3682 luxus,
986 3604 1030 3668 ihi
1053 3581 1310 3693 improduelivos

321 3717 448 3779 sumitis
471 3713 649 3801 frequentes
675 3713 754 3779 fore.
795 3716 895 3779 Recte
926 3717 1211 3782 animadverterunt
1237 3717 1310 3803 qui·

319 3826 409 3906 dum,
434 3835 473 3891 ex'
491 3827 557 3912 ipszl
578 3839 739 3892 sumtuum
762 3828 881 3906 natum,
903 3850 980 3915 quas
1002 3831 1071 3916 quis
1088 3830 1172 3908 lacit,
1188 3829 1228 3893 de
1242 3830 1311 3915 ejus

354 4083 393 4151 (1)
411 4088 445 4134 Ε.
462 4087 488 4135 d.
506 4088 536 4135 t.
556 4086 602 4136 Vll
620 4089 712 4153 passim.
738 4088 847 4137 -nrsrurr
865 4101 893 4137 ur
911 4101 1006 4150 misr,
1032 4094 1124 4140 comm.
1148 4085 1182 4152 (v.
1203 4088 1224 4136 G
1235 4086 1261 4152 l,
1282 4085 1310 4146 ἶ,

319 4191 373 4241 psg.
394 4177 444 4224 1³³
462 4191 513 4241 sqq.
612 4231 614 4234 v
