2892 5042
602 538 641 597 61

110 733 231 797 quum
246 712 409 796 »judicem
418 716 594 778 naturdsud
604 738 669 779 esse
689 725 827 800 oportent
843 738 980 804 orgmon
993 691 1117 797 visum,

110 825 242 908 »enjus
264 846 328 908 ope
342 824 391 889 lex
412 825 544 913 singuiis
565 828 688 893 casibus
706 828 985 918 applicetur''‘(l).
1024 831 1116 912 Quod

3 993 6 1000 .
112 936 223 1027 probe
247 936 436 1020 perspexisse
455 937 647 1025 tiringus,
671 962 808 1026 quorum
827 942 1046 1006 constitutione
1059 943 1117 1025 J'u-

107 1048 253 1112 dieiaria
276 1059 410 1131 potestas
434 1050 541 1115 evadat
555 1054 709 1117 invisible
731 1062 765 1117 et
782 1055 882 1119 aselle.
931 1054 1036 1119 Primo
1061 1054 1115 1120 sd·

107 1173 235 1245 speetu
260 1161 387 1227 etiamm
406 1161 506 1228 hoece
519 1185 660 1250 pugnare
679 1165 803 1230 videtur
822 1187 896 1231 cum
918 1187 1116 1245 nosrmom·

109 1277 163 1336 'vn
196 1273 355 1338 sententid
386 1274 426 1344 de
453 1275 561 1362 legum
588 1276 844 1363 interpretatione
872 1278 1041 1363 aliquando
1071 1278 1116 1363 (in

110 1382 326 1470 monarchiis)
347 1385 447 1469 judici
477 1388 695 1474 relinquendi.
737 1391 856 1458 Verdm
877 1390 1034 1454 enimverd
1054 1389 1116 1456 dis·

106 1497 229 1583 tingui
247 1499 384 1581 oportet3
408 1499 622 1578 inabstracto,
637 1502 752 1586 judicis
770 1522 902 1565 munere
911 1478 977 1564 non
995 1500 1117 1585 putavit

110 1608 299 1694 quiequam
321 1608 475 1673 arbitrarii
500 1613 653 1676 contineri
677 1634 782 1697 posse,
811 1612 910 1697 ipsam
931 1611 1010 1678 adeo
1029 1613 1115 1701 teges

111 1719 351 1806 interpretandi
380 1722 563 1788 facultatem
589 1722 687 1788 inesse
707 1725 851 1809 potestati
869 1723 1026 1812 legiieiue.
1072 1726 1115 1790 At
1161 1727 1167 1736 ’

105 1833 226 1912 simul,
240 1834 438 1921 quorundam
446 1836 638 1923 regiminum
650 1834 1004 1925 (aneioipraesertim)
1015 1840 1113 1925 prsis·

111 1948 208 2034 cipio
233 1946 315 2010 adeo
337 1948 503 2012 convenire
521 1948 651 2031 putruit,
667 1969 814 2032 magnum
829 1957 1015 2031 ¹potestatem
1027 1946 1114 2031 judi·

111 2057 209 2122 oibus
234 2058 350 2139 tribui,
374 2058 410 2121 sit
429 2059 547 2143 ubsque
566 2057 707 2141 periculo
727 2058 763 2120 iis
781 2057 877 2124 adimi
895 2057 1040 2143 nequiret
1054 2055 1112 2146 (2)

111 2170 192 2250 Quo
210 2168 328 2233 'denuo
349 2169 591 2250 confirmentur,
626 2191 708 2258 quse
726 2170 791 2234 dixi
819 2170 860 2235 de
883 2179 1112 2249 nosrm'omvst

113 2281 298 2350 reverentii
319 2297 394 2368 erga
411 2280 514 2346 omnia
532 2281 661 2365 publice
681 2281 856 2348 constituta.

107 2435 113 2442 -
160 2392 275 2458 Fusius
294 2404 415 2471 autem,
438 2415 535 2479 qoam
552 2396 633 2479 juris
653 2396 740 2460 illam
761 2394 976 2481 quaestionem
994 2394 1035 2460 de
1053 2419 1110 2462 na·

114 2506 192 2569 turi
211 2505 350 2589 partium
369 2504 511 2589 imperii,
532 2507 679 2590 politime
696 2507 770 2571 artis
788 2507 1026 2585 controversiam
1046 2508 1111 2593 agi,

107 2617 199 2681 Jtavit
216 2616 317 2692 An„
337 2615 494 2700 quomodo
514 2617 683 2692 conducat,
707 2628 747 2684 ut*
759 2616 992 2702 distribuantur.
1016 2620 1112 2683 Suam
1203 2705 1208 2710 .

110 2733 247 2815 semper
265 2725 449 2791 methodum
467 2734 607 2805 secutus,
637 2748 702 2791 non
724 2726 805 2792 adeo
822 2727 856 2792 id
876 2729 961 2814 egit,
985 2739 1021 2793 ut
1042 2728 1111 2794 uni·

108 2839 253 2904 -iersales
268 2839 391 2925 regulas
408 2840 650 2924 praescriberet,
674 2861 771 2926 quam
795 2840 926 2925 quidem
944 2841 1111 2908 utilitatem

109 2963 226 3018 rectae
242 2947 465 3017 distributionis
490 2952 624 3018 ostendit
645 2954 813 3039 exemplis,
837 2953 973 3026 maxime
991 2977 1029 3020 ex
1044 2956 1110 3022 An·
1196 3032 1201 3040 ⁶

117 3065 248 3151 glorum
271 3075 302 3129 et
323 3066 536 3129 Romanorum
560 3066 720 3151 republicis
740 3066 858 3150 petitis.
871 3064 930 3153 (3).
1007 3051 1013 3063 ’

118 3235 121 3240 ·
153 3272 194 3340 (l)
210 3273 245 3323 Ε.
263 3274 289 3322 d.
305 3274 335 3321 t.
354 3271 372 3321 l.
385 3289 417 3322 e:
435 3234 495 3322 isles
511 3275 636 3352 jugemeos
646 3274 745 3323 doivent
756 3276 806 3323 ttre
821 3275 880 3324 fixes
894 3278 908 3326 t
924 3293 958 3326 un
975 3276 1008 3325 tel
1024 3278 1110 3344 point,

117 3363 195 3431 qsi’ils
211 3382 241 3414 ne
254 3366 331 3413 soient
342 3365 440 3429 jsmais,
459 3364 543 3434 queis
561 3374 626 3413 texte
642 3367 721 3430 priris
742 3365 772 3413 de
791 3365 814 3414 le
835 3364 900 3431 toi;”
916 3376 941 3415 et
959 3382 1041 3432 porro:
1061 3367 1111 3419 sles

110 3445 191 3525 'juges
203 3458 232 3508 de
244 3458 266 3507 la
278 3460 358 3507 nstion
375 3475 404 3508 oe
418 3468 471 3506 sont
486 3476 531 3526 que
550 3457 573 3506 la
591 3455 681 3507 bouohe
697 3458 741 3524 qui
756 3475 874 3524 prononoe
891 3456 913 3508 la
930 3457 978 3524 lot,
997 3458 1038 3509 des
1049 3461 1111 3509 dites

110 3553 251 3616 inanimes,
268 3553 311 3617 qui
321 3549 375 3601 a’en
383 3560 487 3616 pensent
497 3531 603 3601 modirer
619 3551 644 3599 oi
653 3550 677 3600 la
686 3552 750 3599 soree
758 3552 783 3599 ssi
795 3549 818 3599 ls
830 3549 998 3617 rigueor.”lb.
1012 3552 1054 3602 xt.
1067 3555 1108 3602 112

119 3642 169 3691 »ts
188 3644 253 3692 risio
269 3643 376 3692 fonction
401 3640 432 3691 du
450 3645 532 3709 priuos
556 3653 592 3692 est
613 3641 723 3693 d'tottir
742 3643 783 3693 des
799 3645 884 3709 juges,
910 3654 936 3695 et
956 3662 1002 3695 uon
1021 3660 1063 3711 pss
1079 3643 1109 3693 de

113 3736 190 3800 juges
206 3733 360 3786 lai-mime.’'

114 3825 439 3894 ,ωᾶὼᾱπὼ

154 3918 194 3985 (8)
218 3920 255 3974 Β.
277 3922 302 3969 d·
319 3920 350 3970 L.
366 3921 410 3970 XI.
428 3920 521 3972 0-20.
549 3920 609 3974 θιὼ
625 3934 707 3969 severs
723 3918 753 3969 ds
773 3918 818 3972 tte
835 3921 912 3983 operis
929 3927 998 3984 parts
1016 3916 1111 3982 judtess

112 4021 218 4056 nissum
233 4021 264 4057 ss
279 4022 366 4072 naor,
386 4013 474 4061 consa
491 4011 519 4068 t,
543 4025 597 4076 pig.
608 4011 668 4058 255
685 4026 740 4075 sqq.
771 4010 826 4073 lpse
844 4007 901 4057 sord
916 4023 971 4074 pig.
989 4011 1044 4060 28⁰
1055 4026 1109 4080 sqq.

114 4079 181 4165 legis
204 4099 312 4164 publices
330 4101 450 4167 specimen
472 4099 587 4174 eshibet,
612 4099 675 4166 quod
696 4102 717 4149 si
741 4101 767 4149 io
793 4114 861 4150 unm
880 4102 1041 4170 conferretur,
1058 4104 1110 4171 ipso

116 4193 214 4260 jodioe,
233 4209 325 4244 omnen
344 4202 488 4259 potestatum
507 4191 651 4246 collisionem
676 4192 783 4246 soleat
816 4195 857 4245 Est
879 4194 941 4247 ittet
962 4197 1109 4252 emittimus·
