2892 5042
596 493 670 578 roo'

80 703 89 728 ³
129 692 208 753 luxu
222 690 359 773 judicari
379 713 443 758 non
460 713 560 776 posse.
583 696 645 759 Res
665 695 748 758 enim
761 696 968 774 smillumae,
989 717 1076 762 mere
1085 696 1125 761 ad

131 813 281 867 ornatum
312 816 525 889 comparatae,
550 808 575 870 si
606 821 756 872 emuntur
777 821 833 873 aut
858 811 1066 875 conficiuntur
1084 812 1126 876 ab

29 905 36 1002 ’-
127 914 325 993 hominibus,
341 918 397 1002 qui
409 918 484 981 inde
498 919 618 983 rictum
632 932 804 1006 quaerunt,
819 945 883 987 non
897 925 1017 988 sumtds
1033 925 1125 990 luxu·

126 1030 225 1093 riosos
254 1029 373 1094 faciunt
401 1030 464 1108 illi,
497 1034 551 1096 sed
583 1034 639 1097 sui
657 1044 738 1098 sorte
756 1036 953 1122 productiore
978 1045 1122 1102 utuntur.

125 1141 217 1205 Idem
239 1142 302 1205 dici
325 1153 427 1225 potest
449 1143 487 1206 de
507 1145 647 1228 expensis
669 1149 836 1231 apparatds
855 1147 964 1223 causat,
988 1148 1026 1211 ad
1046 1168 1124 1234 quas

126 1255 287 1319 faciendas
310 1278 345 1318 er
372 1254 475 1320 officio
494 1258 543 1320 vel
564 1258 788 1323 consuetudine
810 1259 963 1343 obligatus
991 1270 1036 1321 est
1056 1259 1122 1320 ali-

126 1368 201 1452 quis
219 1367 334 1430 illustri
356 1390 487 1432 munere
508 1368 687 1437 honoratus.

172 1482 321 1544 Attamen
341 1483 448 1545 civitas
473 1504 523 1558 ea,
546 1484 600 1546 ubi
623 1485 742 1548 victum
762 1485 923 1567 reperiunt
941 1484 1033 1546 multi
1054 1506 1123 1547 nu·

128 1614 243 1678 garum
271 1592 477 1670 confectores,
507 1594 562 1657 ubi
583 1616 601 1657 e
623 1595 762 1658 moribus
785 1595 914 1679 receptis
935 1594 977 1659 ad
1003 1595 1121 1660 steriles

127 1727 277 1788 expensas
297 1716 465 1791 coguntur,
485 1708 678 1793 quicumque
700 1711 856 1773 excelsum
872 1710 907 1771 in
930 1731 995 1793 rep.
1014 1709 1122 1774 locum

126 1828 273 1895 teneant,
291 1819 402 1902 procul
422 1818 518 1883 dubio
541 1822 713 1905 plurimdm
736 1823 812 1887 luxu
838 1822 968 1899 laborat,
991 1834 1021 1886 et
1041 1844 1121 1887 con-

126 1942 201 2009 stet,
226 1931 404 2016 complures
432 1932 478 1996 ibi
504 1933 587 1997 ultra
613 1934 730 1997 reditds
760 1956 831 1997 suos
856 1955 1038 1998 consumere
1061 1931 1120 2020 (l).

125 2045 209 2109 Hinc
239 2043 412 2107 necessario
445 2042 568 2107 divitiae
592 2046 793 2123 minuentur,
825 2066 926 2130 quum
952 2047 989 2108 ed
1016 2045 1120 2110 minus

126 2157 217 2220 sortis
248 2166 280 2219 et
308 2177 420 2240 operae
448 2155 645 2242 impendatur
675 2160 767 2224 rebus
799 2159 928 2223 utilibus
951 2156 1119 2223 conficien-

127 2270 189 2346 dis,
227 2289 360 2353 quarum
399 2271 488 2355 copia
524 2294 587 2335 non
616 2272 693 2337 adeo
723 2274 993 2348 consumentium,
1024 2294 1120 2357 quam

125 2381 368 2470 producentium
388 2405 520 2447 numero
541 2392 728 2452 codrotatur.

170 2498 209 2561 A.
221 2497 260 2558 Ν.
273 2506 392 2569 autem,
412 2494 560 2571 simulac,
574 2497 839 2582 qualemcumque
859 2497 1001 2572 tandem,
1026 2497 1118 2559 lurda

127 2606 344 2671 definitionem
365 2604 495 2682 dederit,
515 2627 689 2668 sermonem
702 2601 766 2691 egit
784 2606 823 2670 de
843 2605 967 2668 diversis
988 2606 1119 2690 regimi-
1225 2687 1231 2692 ·

127 2718 222 2783 nibus
241 2719 332 2781 luxds
354 2718 482 2783 ratione.
513 2717 552 2782 Si.
564 2720 636 2782 verb
654 2717 770 2782 diutius
790 2692 879 2781 luxils
900 2728 1030 2781 naturae
1049 2719 1119 2780 uni-

127 2853 219 2895 verse
251 2831 451 2916 explicandae
476 2831 671 2910 inhaesisset,
702 2830 792 2896 aliter
816 2842 900 2897 certe
919 2830 1118 2895 ratiocinatus
1159 2887 1161 2890 .

126 2945 246 3010 fuisset.
283 2943 348 3007 Halo
377 2943 505 3010 demum
524 2945 582 3033 rite
601 2944 776 3023 intellecti,
801 2947 874 3010 edm
890 2943 974 3030 quod
996 2943 1036 3008 ad
1054 2942 1117 3027 pri-

126 3071 229 3134 vatos,
248 3058 316 3120 tlrm
333 3055 420 3141 quod
437 3057 477 3121 ad
497 3058 670 3133 civitatem,
690 3058 731 3122 do
749 3058 815 3140 ejus
835 3057 994 3124 effectibus
1013 3056 1116 3140 dispu-

127 3171 187 3234 tari
220 3178 336 3253 potest3
371 3168 502 3231 minime
526 3179 652 3245 autem,
682 3168 706 3230 si
738 3169 915 3234 indistincte
941 3191 1046 3232 rerum
1065 3192 1116 3232 su·

126 3281 321 3368 perfluarum
348 3278 438 3364 copia
468 3280 559 3343 luxds
585 3278 751 3346 criterium·
780 3291 925 3357 vocetur,
959 3280 1008 3346 uti
1033 3282 1117 3365 apud

90 3430 92 3434 ·
128 3416 395 3471 uonrnsomvmu
419 3392 582 3478 legimus(
605 3390 631 3478 ).

163 3642 201 3713 (l)
219 3645 284 3709 Sar,
310 3642 392 3693 Coum
415 3646 534 3709 complet,
558 3643 575 3694 l.
591 3644 650 3708 Vll,
671 3660 694 3691 e.
714 3645 744 3690 11
771 3643 804 3710 (v.
826 3642 876 3707 111,
901 3657 954 3707 pag.
973 3642 1026 3690 ³14
1042 3642 1117 3710 sqq).

127 3736 231 3804 llrsrmr
254 3749 283 3783 nr
304 3748 393 3801 rrrcr,
423 3741 511 3787 Comm.
542 3737 560 3787 l.
577 3756 596 3788 c.
626 3752 681 3803 pag.
704 3738 764 3785 187.
799 3738 905 3798 Gomon,
924 3737 967 3783 des
987 3735 1117 3796 systdmor,

127 3827 145 3876 l.
163 3831 211 3893 vt,
230 3847 250 3877 c.
268 3831 285 3875 2
304 3827 337 3895 (v.
356 3829 396 3893 lt,
415 3844 472 3896 pag.
491 3828 562 3893 438).

162 3920 198 3987 (2)
217 3923 252 3969 E.
272 3923 297 3968 d.
317 3922 347 3968 L.
365 3921 420 3967 Vll.
439 3922 465 3967 1.
492 3920 576 3967 Varias
592 3918 621 3966 de
638 3918 698 3965 luxu
714 3913 850 3964 definiendo
867 3914 994 3962 sententias
1012 3931 1035 3963 v.
1054 3916 1117 3982 opud

126 4027 151 4060 v.
169 4027 233 4060 eom.
251 4024 276 4059 s.
294 4024 317 4058 r.
336 4021 451 4070 recurro,
471 4012 542 4058 Dies.
559 4010 590 4057 de
611 4011 674 4057 luco
692 4012 719 4055 et
738 4007 834 4071 lepidus
847 4006 996 4054 summariis
1014 4021 1114 4059 occec.

124 4104 178 4168 pol.
194 4103 367 4169 dijudicandis
388 4099 475 4167 (Lngd.
493 4102 546 4149 nu.
567 4098 656 4160 leet),
677 4113 731 4163 pag.
750 4100 833 4163 lsqq.
848 4125 882 4137 --
903 4096 932 4146 de
949 4100 1029 4148 nlmlis
1047 4116 1113 4150 aum·

127 4193 192 4243 tibus
213 4193 249 4241 ih.
267 4208 323 4259 pag·
337 4194 370 4241 2³
388 4208 442 4258 sqq.
506 4252 514 4262 l
