2892 5042
808 470 870 535 102

341 652 426 719 venit
435 651 592 717 tramitem
602 651 690 717 nullo
705 651 828 737 pridem
845 650 1007 715 ellormrto
1025 657 1199 733 systemate.
1221 646 1330 728 Quum

343 766 387 830 ita
412 763 534 828 veritati
557 763 750 852 detegendae
775 763 990 839 incumberet,
1019 781 1085 827 non
1111 770 1217 825 tamen
1240 759 1331 825 affir-

345 898 432 944 mare
450 876 551 943 ausim
573 900 645 942 eum
664 877 751 942 omni
770 875 983 963 praejudicatd
998 873 1146 960 opinione
1160 873 1331 951 vacavisse,

347 1012 429 1076 quae
448 989 500 1056 rix
516 990 621 1054 abesse
643 1002 755 1076 queat,
779 990 858 1076 quin
878 987 958 1052 obsit
979 985 1078 1051 nobili
1096 985 1252 1072 originem
1266 1006 1332 1049 no-

252 1110 257 1119 '
345 1102 474 1168 bilitatis
496 1103 681 1187 exquirenti.
717 1101 798 1167 Talis
825 1100 957 1167 mendae
977 1122 1003 1165 e.
1027 1123 1057 1186 g.
1077 1120 1210 1184 arguere
1234 1097 1335 1182 ipsum

304 1243 309 1251 ·
346 1213 469 1279 videtur
488 1214 575 1299 locus
595 1214 653 1302 (lt.
676 1214 711 1280 d.
733 1213 774 1279 L.
798 1215 896 1279 XXX.
917 1209 993 1299 25),
1020 1210 1077 1276 ubi
1099 1210 1277 1296 opinionem
1298 1209 1337 1275 de

347 1326 502 1393 nobilium
520 1336 551 1390 et
569 1327 760 1405 villanorum
781 1325 979 1391 distinctione
996 1323 1094 1388 serius
1107 1322 1237 1387 demum
1253 1319 1336 1411 apud

348 1442 482 1507 Francos
509 1438 707 1518 introducti,
740 1439 812 1507 idco
844 1437 1045 1524 rejiciendam
1070 1446 1175 1522 putat,
1199 1421 1339 1520 quiais‘

351 1575 424 1619 sera
443 1563 540 1630 esset,
560 1553 662 1639 gentis
673 1551 801 1616 historid
812 1550 936 1617 saecula
955 1548 1120 1632 complura
1138 1546 1340 1613 contineren-

351 1677 421 1740 tur,
442 1684 499 1747 per
518 1685 600 1749 quae
611 1665 841 1741 nobilissimae,
862 1664 926 1727 imo
942 1661 1169 1749 regiaeuomos
1189 1659 1342 1746 ignobiles

353 1773 495 1840 luissent.

361 1953 365 1965 ,
397 1887 441 1954 ll.
465 1888 610 1954 ceterum
635 1891 731 1968 ratio,
760 1890 823 1975 quai
845 1898 1069 1976 argumentum
1092 1908 1186 1952 suum
1215 1895 1343 1969 tractat,

273 1998 275 2001 ’
356 1984 404 2064 cst
431 1999 661 2086 conquirentis,
689 1999 902 2087 dijudicantis,
930 2011 961 2063 ct
977 2000 1069 2081 ¹inter
1097 2021 1130 2062 se
1158 1999 1346 2064 conterentis

227 2150 229 2157 ,
252 2188 254 2197 s
351 2110 453 2175 varios
473 2109 590 2187 tontes,
614 2111 662 2174 ita
682 2121 719 2174 ut
739 2111 948 2176 narrationem
968 2110 1148 2176 continuam
1169 2121 1224 2175 out
1242 2110 1346 2176 theses

354 2220 523 2285 elaboratas
542 2218 707 2285 desideres.
744 2222 828 2287 llaec
849 2233 955 2286 autem
979 2221 1171 2291 diversarum
1191 2222 1259 2306 ejus
1277 2223 1347 2287 dis-

355 2331 553 2418 putationum
577 2353 714 2410 summa,
736 2333 821 2419 quod
842 2333 881 2399 ad
900 2332 1036 2397 Galliam
1056 2356 1075 2397 a
1096 2334 1220 2398 Francis
1245 2357 1348 2401 occu-

357 2454 473 2532 patam.
505 2445 672 2510 Aestimari
692 2446 862 2511 rectissime
883 2457 1029 2532 poterunt
1049 2467 1096 2509 res
1115 2456 1219 2532 gestae
1238 2447 1349 2532 populi

355 2557 480 2629 ,victoris
501 2579 537 2620 cx
563 2557 618 2635 iis,
635 2579 718 2644 quae
745 2557 785 2624 de
804 2559 871 2644 ejus
896 2559 1037 2624 moribus
1066 2570 1140 2623 ante
1158 2558 1350 2624 invasionem

359 2670 520 2752 novimus,
542 2670 584 2734 ita
606 2681 642 2733 ut
664 2671 763 2735 altero
784 2672 912 2735 demum
934 2673 1005 2734 loco
1023 2671 1168 2749 veniant,
1194 2686 1278 2757 quae
1299 2694 1352 2735 re-

357 2782 456 2843 tinuit
475 2792 531 2844 aut
555 2780 694 2843 imitatus
718 2793 800 2845 esta
821 2782 903 2845 victd
925 2793 1027 2866 gente.
1056 2774 1224 2847 CertissImi
1244 2794 1353 2848 autem

358 2890 459 2954 fontes
487 2890 526 2953 de
549 2892 777 2973 Germanorum
808 2892 945 2956 moribus
966 2915 1065 2980 quum
1091 2895 1153 2957 sint
1175 2917 1294 2960 causan
1318 2895 1353 2983 (l.

360 3001 406 3069 Vl
427 3001 469 3066 de
492 3002 520 3068 b.
546 2999 602 3089 G.)
624 3014 655 3066 et
682 3025 833 3081 ricinos,
865 3003 979 3089 horum
1008 3007 1111 3090 capita
1130 3007 1283 3073 nonnulla
1302 3029 1356 3071 ex·

361 3116 460 3202 plicat
487 3136 761 3196 nourmcnlrrus,
788 3140 827 3182 ea
860 3139 1043 3202 comparans
1074 3138 1148 3182 cum
1175 3118 1355 3194 codicibus,

362 3228 585 3315 capitularibus
620 3240 651 3293 et
676 3229 954 3295 consuetudinibus
984 3230 1043 3293 sub
1071 3230 1174 3315 primda
1201 3234 1240 3293 et‘
1253 3230 1356 3293 alteri

361 3343 485 3425 Regum
499 3343 689 3405 Francorum
710 3344 816 3427 stirpe.
849 3343 976 3423 Quoties
992 3324 1098 3406 autem
1118 3341 1157 3406 de
1178 3342 1358 3407 conditione

361 3450 575 3514 Romanorum
610 3463 641 3514 et
675 3452 769 3530 cleri,
805 3452 908 3539 deque
925 3453 1006 3537 juris
1037 3456 1162 3519 vinculo
1188 3457 1270 3520 inter
1293 3456 1359 3523 vic·

363 3570 446 3623 toros
466 3571 497 3624 et
518 3559 612 3625 victos
636 3564 715 3649 agit,
743 3564 880 3629 lontibus
910 3566 1024 3645 utitur,
1050 3570 1160 3652 quales
1182 3581 1255 3634 sunt
1278 3593 1359 3637 onn-

279 3710 282 3717 ·
364 3694 482 3739 cousus
511 3694 718 3768 mosonensis,
740 3699 974 3755 menedemos,
1000 3701 1156 3746 armorum
1178 3691 1258 3759 etc,
1275 3683 1358 3762 imo,

364 3784 471 3853 dehita
493 3809 568 3851 cum
594 3788 775 3872 prudentii,
800 3787 892 3857 Vitis
912 3787 1116 3869 Sanctorum.
1163 3793 1307 3857 Primum
1329 3804 1360 3857 et

365 3899 555 3978 maximum,
579 3902 663 3988 quod
683 3903 852 3982 usuvenit,
869 3903 976 3988 estjus
993 3926 1030 3969 ac
1049 3904 1186 3970 officium
1209 3917 1360 3970 mutuum

358 4013 552 4099 principum
574 4024 605 4077 et
623 4018 840 4094 vasallorum,
857 4016 913 4103 qui
934 4017 1044 4101 procul
1066 4016 1163 4082 dubio
1182 4018 1265 4083 inter
1282 4020 1362 4085 Ger·

365 4122 503 4190 manicos
530 4134 636 4207 gentes
659 4128 767 4205 lucre,
797 4140 965 4213 antequam
991 4127 1238 4207 fixasbaberent
1261 4130 1359 4196 sedes.
