2892 5042
596 496 638 556 69

164 677 431 745 Haereticos'item
451 678 596 742 omnibus
608 679 735 763 juribus
752 680 897 744 civilibus
913 680 1038 763 privari,
1065 680 1110 741 uti

117 791 180 857 boc
200 792 306 856 locum
324 791 484 855 obu'uebat
506 792 541 855 in
564 792 711 869 Franciai,
736 792 775 855 ob
799 792 878 877 legis
898 786 1046 855 duritiem
1064 793 1112 854 iu-

118 905 246 982 utilem,
271 906 382 988 pardm
397 903 535 968 libertati
554 905 699 989 politicae
720 904 888 968 convenire
906 902 1006 966 risum
1026 904 1114 968 Auo-

117 1019 195 1095 tori,
219 1018 277 1102 qui
294 1015 369 1080 huic
389 1015 453 1103 legi
469 1016 644 1103 Anglomm
672 1016 918 1082 moderationem
938 1001 1001 1081 'hac
1022 1019 1056 1080 in
1079 1037 1112 1078 re

49 1165 55 1170 ·
117 1138 289 1214 comparat.
324 1127 452 1192 Nullam
479 1131 552 1192 verb
571 1150 823 1207 uourmomvms
847 1128 950 1213 prodit
974 1128 1032 1192 sibi
1050 1150 1115 1192 esse

116 1244 280 1307 notionem
298 1240 365 1324 ejus
383 1240 533 1304 libertatis
545 1242 579 1305 in
590 1242 758 1327 religione,
771 1262 854 1325 quae
871 1240 982 1302 uostris
1003 1238 1132 1304 diebus*

116 1355 240 1440 ubique
257 1364 313 1418 aut
332 1374 476 1418 concessa
494 1351 563 1431 est,
579 1364 633 1418 aut
651 1353 846 1437 postulatur,
866 1364 902 1416 ut
924 1373 1031 1417 omnes
1052 1374 1110 1415 re-

118 1467 221 1553 gionis
240 1466 378 1541 incolae,
398 1464 521 1550 absque
536 1463 645 1530 'cultds
666 1465 764 1528 divini
785 1464 972 1540 discrimine,
992 1464 1117 1556 juribus

117 1577 264 1641 civilibus
283 1596 385 1661 aeque
404 1576 559 1639 fruantur.
590 1576 726 1642 Ultimus
752 1597 880 1661 scopus,
902 1579 965 1662 qub
989 1575 1117 1640 tendere

84 1693 86 1698 ’
117 1690 263 1768 auderet,
287 1691 470 1753 tolerantia
488 1690 677 1776 religionum
693 1702 774 1765 erat,
794 1689 837 1755 ita
858 1700 894 1754 ut
912 1712 1006 1755 nemo
1026 1671 1132 1755 suam⁸

118 1802 214 1867 fidem
232 1813 357 1866 mutare
380 1812 546 1889 cogeretur
571 1801 583 1890 (
605 1801 630 1888 ).
911 1799 913 1803 ⁴

159 1915 273 1997 Quum
296 1925 403 1978 autem
431 1915 617 1977 'libertatem
647 1925 678 1976 et
708 1918 919 1979 comitialem
946 1934 1117 2001 synonyma

117 2027 285 2106 habuerit,
309 2025 413 2089 minus
444 2024 484 2088 de
507 2026 562 2106 ed,
587 2046 668 2110 quae
699 2027 831 2115 agendo
859 2037 998 2104 constat,
1024 2026 1119 2089 liber-

118 2147 204 2219 tate,
224 2161 322 2226 quam
350 2137 495 2225 quidem,
519 2139 600 2225 quae
624 2161 688 2203 non
711 2141 882 2228 patiendo,
909 2141 1037 2206 locutus
1059 2152 1113 2206 est.

118 2255 168 2318 lta
187 2253 227 2317 de
244 2251 325 2338 preli
348 2250 491 2316 libertate
508 2272 633 2335 prorsus
650 2252 757 2317 tacuit.
788 2252 1012 2319 Educatiouem
1041 2253 1118 2316 item

119 2367 273 2444 liberam,
297 2386 392 2451 quam
407 2362 501 2427 hodie
517 2374 644 2442 vocant,
668 2387 687 2428 a
713 2366 837 2429 civitate
855 2368 1003 2451 praestari
1028 2387 1117 2450 opor-

117 2483 187 2543 tere
202 2478 338 2554 civibus,
358 2498 422 2539 non
441 2485 564 2560 putasse
582 2475 714 2546 ridetur.
737 2477 896 2545 Modesto
912 2478 996 2540 euim
1017 2478 1046 2539 ei
1065 2477 1118 2541 ad-

121 2711 210 2761 rsms,
231 2696 323 2746 Coum.
342 2713 388 2746 sur
404 2709 531 2756 assutus.
557 2697 735 2756 lleliusetiam
753 2715 794 2765 ap.
820 2710 920 2763 uranu,
946 2699 998 2765 rip.
1015 2694 1043 2749 r.
1066 2701 1116 2753 tiso

119 2790 240 2860 majorici,
251 2792 412 2854 fornication
421 2826 431 2853 ,
449 2789 464 2856 ᾗ
483 2793 506 2855 15
524 2790 665 2857 rasscrildpe,¹
685 2791 840 2858 blaspheme,
862 2790 904 2842 ubi
922 2793 990 2843 Jctus
1003 2805 1112 2843 nassau:

121 2884 203 2934 »Nous
227 2882 379 2932 observemus
401 2881 489 2950 qu'une
512 2884 622 2949 punition
641 2886 702 2933 aussi
720 2887 800 2934 severe
820 2885 912 2952 de'peud
933 2887 1055 2954 beaucoup
1076 2886 1116 2937 des

120 2978 307 3040 circonstauces,
331 2978 373 3043 qui
396 2986 576 3041 accompagnent
593 2976 616 3025 le
634 2976 781 3044 blaspheme.
812 2980 855 3027 les
870 2981 953 3045 juges,
972 2980 1029 3029 hieu
1046 2983 1117 3046 pe'ni·

121 3070 178 3129 tres,
196 3068 257 3135 qn’il
274 3066 433 3133 n’appartient
444 3070 513 3131 point
530 3084 577 3115 aux
594 3067 699 3117 hommes
717 3070 746 3118 de
761 3086 849 3134 renger
865 3071 889 3119 la
905 3070 1024 3138 divinite,
1040 3099 1075 3111 -
1093 3088 1117 3119 se

120 3158 224 3208 bornent
240 3158 258 3205 i
271 3156 404 3207 considerer
425 3157 460 3205 lca
478 3174 563 3221 maur,
589 3162 631 3223 qui
650 3171 754 3225 pensent
773 3161 875 3210 resultes
897 3178 957 3225 pour
984 3163 1006 3211 la
1029 3164 1116 3211 sociite

119 3248 194 3299 d'une
208 3250 318 3314 impiere.
338 3275 372 3286 -
397 3248 430 3297 lls
446 3248 606 3297 craiudraient
623 3249 652 3299 de
669 3253 741 3316 punis
758 3269 793 3300 ιιιι
817 3261 988 3317 emportement
1012 3252 1041 3301 de
1063 3255 1119 3316 jeu·

120 3358 201 3407 nesse,
220 3357 308 3390 comme
327 3356 358 3387 on
374 3340 444 3405 punit
461 3339 501 3388 des
518 3344 706 3406 empoisonneurs
724 3325 749 3390 el
766 3341 806 3390 des
823 3342 957 3409 parricidas.
985 3344 1018 3394 lls
1037 3361 1115 3410 regar-

120 3433 231 3483 deraient
252 3450 298 3482 une
318 3443 427 3481 sentence
448 3432 477 3480 de
495 3444 558 3482 mort
575 3451 634 3500 pour
653 3452 685 3485 un
708 3434 782 3498 delii,
809 3439 849 3504 qui
867 3439 950 3487 merite
966 3439 1117 3506 simplement

121 3543 169 3575 une
187 3527 332 3591 correction,
351 3542 439 3575 comme
459 3543 493 3573 un
513 3529 636 3575 assassinat
653 3529 748 3576 commis
766 3545 823 3578 arec
841 3529 864 3578 le
885 3529 962 3595 gleire
978 3530 1006 3581 de
1025 3533 1048 3580 la
1061 3534 1116 3597 jus·

122 3616 197 3667 tice.”
216 3646 251 3656 -
278 3617 346 3667 Tales
363 3619 487 3683 opiniones
504 3618 568 3684 apud
584 3620 643 3670 alios
656 3620 750 3687 judices
768 3632 892 3689 receptae,
910 3624 973 3691 apud
992 3625 1052 3674 alios
1069 3642 1115 3674 non

122 3719 243 3775 receptae,
260 3710 334 3774 magis
351 3710 424 3758 etiam
446 3712 574 3775 precariam
592 3711 722 3762 reddebant
750 3715 845 3766 civium.
859 3718 1026 3774 securitatem,
1044 3731 1119 3778 quum

122 3801 162 3851 lex
180 3803 223 3852 illa
242 3805 342 3852 atrocior
359 3802 459 3852 arbitrio
471 3802 557 3868 indicis
574 3804 709 3869 relinquere
727 3804 861 3868 rideretur,
878 3823 935 3853 num
958 3807 1032 3870 ipsam
1051 3820 1122 3870 sequi

122 3895 210 3960 vellet,
235 3912 318 3945 necue.
347 3895 413 3944 Idem
431 3895 585 3943 animadverti
604 3900 678 3960 possit
694 3896 723 3944 de
741 3895 818 3945 edicto
837 3914 858 3945 a.
872 3898 954 3962 tusa,
982 3913 1029 3963 quo
1045 3909 1118 3945 tuno-

122 3998 190 4032 vlcua
207 3987 261 4035 xlv
279 3987 367 4050 magiae
379 3996 478 4033 temeras
488 3987 648 4034 accusationes
665 4003 813 4051 compescere
831 3987 915 4037 voluit.
948 3990 1051 4057 iltutus,
1064 3992 1116 4057 rip.

124 4094 148 4125 v.
167 4077 296 4143 sortilego,
315 4076 330 4142 ᾗ
346 4078 380 4125 ll.

161 4161 201 4234 (1)
219 4171 254 4218 E.
273 4170 299 4217 d.
320 4170 349 4216 t.
368 4168 452 4218 mv.
471 4168 488 4217 8
505 4183 567 4233 sqq,
587 4167 658 4219 XXV.
677 4171 694 4218 θ
710 4186 763 4238 sqq.
