2892 5042
578 533 639 594 113

116 707 262 797 antiquos
282 724 312 776 et
332 716 534 797 recentiores,
559 717 621 781 fata
647 729 677 779 et
700 719 797 781 varias
818 720 950 781 rationes
968 737 1101 801 expone·

71 888 76 903 ,
120 832 176 887 ret.
211 824 270 890 llic
286 837 391 891 tamen
410 827 484 891 item
504 828 538 892 in
559 851 674 912 errores
695 830 809 896 abduci
828 826 1018 914 seie'passus
1043 839 1102 908 est3

114 937 233 1020 qnippe
257 937 362 1002 deerat
385 939 412 1002 ei
435 939 518 1004 clara
547 944 764 1007 oeconomioae
791 942 974 1025 disciplinae
1006 941 1102 1006 notio.

115 1048 320 1114 Mercaturam
341 1052 425 1114 enim
440 1050 526 1116 haud
539 1054 677 1118 intuetur
694 1056 758 1118 una
775 1076 848 1119 cum
859 1051 987 1140 reliquis
1004 1053 1103 1119 modis

113 1181 192 1245 opes
206 1162 275 1225 'sibi
289 1163 507 1245 comparandi;
531 1187 591 1228 nec
610 1166 649 1229 de
668 1167 760 1230 caus-i
778 1168 912 1251 quaerit,
936 1188 994 1230 our
1011 1190 1100 1230 mer-

116 1273 229 1336 catoris
247 1272 339 1356 operd
349 1274 534 1358 locupletior
553 1277 661 1340 evadat
680 1277 820 1353 societas,
843 1278 984 1363 quamvis
1002 1279 1105 1362 primo

21 1435 40 1465 a
116 1385 229 1448 obtutu
250 1385 383 1456 valorem
406 1395 598 1451 crearenon
620 1388 776 1466 rideatur,
800 1400 860 1453 etc.

161 1497 288 1581 Duplici
313 1508 457 1581 respectu
480 1499 519 1561 de
538 1501 715 1564 mercaturi
733 1500 812 1586 agit:
837 1522 963 1563 morum
986 1501 1105 1565 scilicet
1191 1543 1197 1556 =

115 1619 147 1672 et
164 1612 351 1697 regimim‘a
396 1610 486 1690 Quod
506 1612 545 1675 ad
571 1612 637 1695 ejus
656 1613 859 1690 sententiam,
881 1634 983 1676 mores
1003 1634 1120 1709 popu·x

95 1724 219 1786 *lorum
239 1722 445 1787 mercantium
461 1724 607 1787 cultiores
625 1747 691 1788 esse
713 1726 830 1806 solere,
849 1724 981 1809 illosque
999 1747 1105 1789 emen·

114 1834 180 1898 dari
202 1857 261 1920 per
280 1834 328 1910 id,
350 1834 433 1919 quod
452 1846 544 1899 vocat
565 1846 773 1907 mercaturae
800 1841 988 1924 ingenium,
1012 1860 1105 1900 nemo

26 2019 34 2026 ⁸
113 1947 255 2022 dubitat,
275 1946 354 2030 quin
376 1956 461 2009 recte
477 1947 589 2009 viderit
607 1947 753 2034 Auctor(
777 1944 801 2032 ).

157 2060 349 2148 Regiminis
377 2059 450 2120 rere
477 2058 583 2122 formis
605 2059 738 2122 nimidm
760 2058 916 2123 tribuitur.
959 2060 1038 2122 Nam
1063 2057 1115 2120 li..
1184 2139 1188 2142 Ι

112 2172 196 2237 beris
220 2169 445 2255 rebuspuhlicis
464 2172 590 2235 noxium
616 2194 680 2237 esse
700 2172 959 2257 pronunciaverat
976 2172 1103 2248 luxum3
1131 2247 1137 2252 ⁶

107 2287 193 2370 jam,
219 2307 319 2373 quum
340 2296 513 2356 mercatura
535 2308 656 2370 semper
675 2288 741 2351 fere
762 2290 798 2350 ed
827 2286 943 2364 tondat,
964 2296 1000 2348 ut
1019 2284 1105 2349 adfe-

111 2409 222 2464 rantur
263 2396 444 2462 hominibus
478 2397 640 2464 commoda
672 2399 842 2483 quaedam,
881 2407 1003 2480 praeter
1033 2397 1103 2473 illa,

110 2512 230 2600 quibus
250 2508 360 2572 naturai
385 2508 441 2570 sud
459 2508 631 2593 indigeant,
652 2509 910 2594 animadverteret
927 2510 1002 2570 rerd
1021 2508 1106 2572 Auc-

109 2635 169 2700 tor,
193 2623 270 2684 cdm
290 2620 443 2704 antiquas,
466 2622 533 2683 tdm
551 2620 741 2683 recentiores
760 2619 900 2684 civitates
922 2617 1106 2681 democrati-

112 2756 164 2800 cas
180 2744 214 2797 et
234 2730 454 2796 aristocraticas
473 2732 647 2797 mercaturi
667 2731 817 2807 floruisse,
838 2732 887 2793 rix
911 2728 1106 2804 concilianda
1135 2708 1151 2811 ἶ

112 2848 192 2911 haec
216 2845 406 2908 ridebantur.
447 2846 527 2908 llum
553 2844 586 2908 in
617 2843 712 2908 tinem
732 2844 795 2907 duo
816 2865 880 2906 esse
905 2843 996 2908 docet
1019 2864 1105 2906 mer-

112 2970 241 3030 caturae
267 2977 396 3043 gonem,
422 2978 556 3042 quorum
584 2957 682 3021 altero
708 2956 796 3020 luxui
828 2956 949 3020 deditae
975 2954 1105 3020 eradant

113 3082 242 3159 gentes,
275 3070 406 3132 alterum
437 3069 496 3133 isto
517 3069 665 3153 periculo
695 3079 793 3131 vacet.
839 3068 930 3131 Illam
955 3068 1102 3132 Francice

32 3234 37 3242 .
113 3191 279 3265 nuncupat
298 3202 471 3244 commerce
488 3180 530 3243 de
551 3180 645 3255 laxe,
665 3177 748 3242 hanc
767 3200 942 3242 commeroe
957 3178 1103 3242 d'deone

74 3359 77 3364 .
112 3299 196 3372 mie,
217 3294 280 3379 qual
299 3313 376 3356 roco
397 3291 457 3356 hoo
474 3292 544 3354 loco
557 3293 805 3377 parsimoniam
821 3289 962 3374 designat
984 3286 1042 3377 (2).

159 3409 332 3473 Mercatura
352 3405 508 3469 luxuriosa
527 3401 714 3466 monarchiis
732 3402 857 3487 propria
883 3404 920 3467 cd
939 3403 1100 3480 inserviat,

113 3531 149 3586 ut
171 3517 299 3584 aliunde
320 3519 560 3603 conquirantur,
586 3516 670 3579 domi
685 3516 892 3581 retardantur
910 3517 991 3582 ritae
1013 3540 1098 3581 oom-

111 3631 207 3696 moda
233 3642 264 3694 et
283 3641 461 3695 ornamenta
467 3655 475 3711 ;
506 3631 562 3716 qui
580 3630 770 3715 parsimonia
790 3641 925 3694 utuntur
943 3641 1101 3694 mercato-

74 3821 77 3826 ,
112 3753 178 3824 res,
202 3745 319 3809 victum
336 3737 393 3808 sibi
414 3755 565 3830 quaerant
583 3744 697 3808 axillis
717 3743 798 3806 lucri
817 3740 995 3824 particulis,
1016 3759 1098 3821 quae
1181 3781 1184 3792 .

148 4029 185 4097 (1)
203 4031 237 4079 n.
256 4030 282 4077 a.
300 4031 329 4078 r.
344 4028 395 4100 xx,
410 4031 439 4087 1,
457 4030 488 4087 a,
509 4028 556 4086 ιε,
576 4025 617 4072 1s.

70 4120 73 4124 ’
131 4118 190 4190 ,(3),
206 4122 239 4171 Ε,
260 4121 285 4168 ct.
305 4122 335 4168 L.
357 4122 387 4178 v,
409 4120 438 4182 o,
456 4118 506 4167 u.
524 4119 549 4166 4.
574 4117 825 4181 neronianus,
846 4118 935 4165 Comm-
954 4113 987 4183 (v.
1000 4115 1041 4181 ὓ.)
1058 4114 1102 4199 Η,

62 4257 64 4262 .
107 4229 163 4292 pag.
178 4216 235 4262 121.
390 4241 393 4249 ·

156 4306 195 4370 11.
223 4370 229 4376 ,
419 4347 428 4359 ,
909 4306 929 4361 8
