2892 5042
500 443 761 533 4119«

104 670 170 733 quc
197 650 416 715 brevissimum
439 653 582 723 futurum
620 664 665 717 est
691 654 786 729 illud,
816 674 905 739 saepe
931 676 1096 742 nunquam

103 759 275 828 difficultas
296 764 422 829 exsistit.
530 768 534 775 '

115 895 118 901 ’
145 873 201 936 Sic
220 897 248 940 c.
261 898 291 960 g.
304 875 449 940 machina
458 874 599 940 adhiberi
616 876 754 960 coeperit
767 877 808 941 ad
817 878 903 943 lanas
913 878 1094 962 pectendos,

98 983 142 1048 ita'
159 999 356 1070 comparata,
379 998 414 1052 ut
431 987 532 1052 dacica
552 988 652 1072 major
669 988 760 1053 lanae
775 990 864 1075 copia
879 1002 1022 1075 poetatur
1037 1013 1094 1075 por

97 1095 186 1165 idem
205 1109 330 1183 tompus
351 1101 526 1186 codemque
545 1123 677 1166 numero
693 1106 922 1186 operariorum,
946 1127 1042 1190 quam
1061 1106 1095 1171 id

99 1220 195 1273 antea
218 1211 364 1274 manibus
395 1211 462 1274 fieri
487 1212 608 1290 soleret.
650 1215 778 1292 Errant,
803 1216 859 1300 qui
879 1215 1001 1292 dicant,
1028 1218 1097 1299 jam

101 1320 249 1387 officinae
275 1323 438 1387 dnnunum
468 1324 587 1388 docimd
620 1328 742 1390 tantum
769 1328 982 1411 operariorum
1008 1337 1095 1412 parte

37 1463 43 1471 ‘
99 1452 249 1500 usurum.
277 1436 406 1513 Contra,
430 1458 526 1522 quam
545 1439 684 1521 primunr
701 1439 776 1503 sciat
792 1441 893 1503 multo
910 1440 1033 1505 facilius
1050 1440 1096 1502 ita

98 1545 210 1610 ianam
233 1547 317 1631 poeti
336 1570 439 1631 potae,
468 1571 533 1613 non
556 1550 593 1612 co
615 1549 737 1626 tandct,
761 1561 796 1614 ut
815 1550 999 1617 tantundem
1019 1572 1097 1635 pro-

100 1655 216 1733 ducat,
241 1671 394 1743 quantum
415 1671 521 1735 antea,
542 1660 595 1724 sad
607 1660 766 1744 duplicem
777 1663 828 1725 vcl
839 1664 989 1748 majorem
1000 1664 1115 1729 ctiam-1

100 1768 246 1851 ejusdam
266 1772 398 1854 copiam.
440 1772 550 1856 Itaque
572 1772 681 1836 saitem
704 1775 831 1858 quinta,
855 1796 1094 1862 nonnumquam

99 1879 233 1945 dimidia
243 1903 314 1964 pars
329 1882 470 1965 priorum
479 1884 692 1965 operariorum
701 1884 736 1945 in
745 1884 868 1949 officina
877 1886 1025 1954 manebit.
1046 1886 1096 1949 Ad

98 1992 314 2057 conficiendas
334 1992 560 2078 servandaeque
583 1991 760 2070 machinas,
782 1994 822 2057 ad
838 1995 1023 2059 exstruenda
1042 2018 1102 2063 aea

98 2103 217 2181 dificia,
236 2104 340 2168 statim
358 2124 425 2168 sara
441 2105 519 2168 illuc
539 2105 704 2169 conferunt
722 2105 947 2185 fabriferrarii,
967 2108 1093 2187 aerarii,
1144 2090 1155 2100 ’

98 2215 246 2300 tignarii‚
276 2226 422 2293 tectores,
450 2214 656 2294 architectata,
686 2217 801 2302 quibus
830 2239 901 2282 mcx
936 2241 1012 2304 opus
1048 2222 1099 2284 aat'

101 2328 210 2393 multis
231 2327 392 2411 naaria,
419 2328 475 2413 qui
496 2313 586 2393 antra
610 2329 715 2393 lanam
739 2342 925 2413 pcxuarant;
956 2354 993 2396 ac
1012 2332 1093 2417 siqui

100 2442 140 2507 ad
166 2442 295 2505 nullum
315 2440 401 2504 aliud
423 2440 582 2524 opificium
601 2440 705 2503 idonci
730 2443 806 2517 sint,
831 2452 937 2513 umen
959 2464 1017 2506 usu
1038 2467 1095 2509 va-

102 2548 210 2629 niont,
234 2562 271 2614 ut
289 2573 400 2615 noram
417 2551 503 2615 iilam
520 2551 635 2614 molem
647 2551 736 2614 lanae
749 2551 833 2614 rudis
850 2552 980 2617 aiierant
996 2554 1030 2615 in
1048 2555 1095 2614 cf·

101 2665 247 2743 ficinam3
273 2685 333 2727 noc
359 2684 422 2726 uon
444 2661 715 2747 rectoribusopus
737 2664 796 2726 crit
816 2664 898 2748 aqud
918 2664 1037 2727 terrave
1056 2664 1095 2729 ad

102 2779 211 2842 lanam
230 2777 405 2842 confectam
422 2776 648 2861 asportandam.

147 2892 201 2956 Sic
230 2912 304 2956 casu
328 2891 484 2975 proposito
511 2888 693 2974 paucissimi
723 2901 909 2975 supererunt
942 2891 1092 2975 operarii,

102 3003 160 3089 qui
178 3004 264 3067 victu
284 3015 424 3080 careant,
449 3003 550 3071 donec,
566 3025 645 3064 nova
664 3002 804 3083 ejusdcm
827 3006 948 3088 generis
968 3004 1091 3068 officina

103 3120 358 3196 properaturum
378 3112 518 3187 exsistat,
543 3110 629 3194 quod
649 3131 720 3172 mox
748 3111 890 3175 accidere
919 3112 1006 3176 solet.
1048 3115 1094 3176 lta

70 3202 73 3209 .
103 3244 204 3286 vanus
228 3232 356 3305 apparat
385 3222 467 3305 apud
484 3224 653 3285 Auctorem
673 3222 711 3293 N.
742 3219 961 3285 machinarum
991 3224 1092 3287 timor.

104 3335 197 3415 Quae
217 3343 324 3397 autem
341 3343 499 3416 praetcrea
522 3331 666 3396 adversus
688 3330 846 3396 machinas
869 3333 1013 3397 dixerunt
1034 3356 1093 3399 aas·
1183 3324 1190 3337 ⁸

105 3460 246 3512 nonnius
268 3456 298 3508 et
317 3468 478 3522 unnrnns,
507 3443 570 3508 huc
591 3466 655 3507 non
679 3443 846 3529 pertinent.
1102 3427 1105 3431 .

583 3654 611 3711 5.

88 3845 93 3849 .
150 3786 266 3851 Ultimo
287 3786 356 3850 loco
374 3785 586 3851 accedendum
604 3784 644 3846 ad
659 3804 712 3857 aa,
737 3798 819 3865 quac
837 3800 1091 3856 nonroacurvrus

105 3900 144 3960 dc
164 3899 296 3960 tributio
315 3897 429 3980 scripto
442 3894 588 3969 condidit,
612 3893 667 3955 uhi
680 3896 716 3955 ed
731 3893 828 3978 magis
847 3888 1017 3956 dolendum
1035 3907 1089 3974 cst,

57 4047 71 4066 1
96 4011 208 4094 ,ipsum
235 4007 360 4073 latuisse
388 4030 474 4070 veros
508 4006 584 4069 fines
613 4005 810 4069 oeconomiae
838 4004 997 4091 politicae,
1026 3995 1102 4096 qud

107 4123 205 4208 magis
228 4121 353 4208 egregia
384 4120 495 4202 piacita
522 4117 611 4181 initio
633 4118 705 4182 iibri
727 4116 824 4208 (xffl)
849 4120 993 4206 proferat.
1036 4124 1091 4187 Iu-
