2892 5042
805 497 845 579 so

338 717 463 784 tuntur;
483 715 589 769 tamen
607 701 731 788 quoties
749 696 790 761 de
810 690 999 759 aristocratid
1010 687 1177 772 separatim
1186 683 1325 771 loquitur

342 819 466 908 (idest,
483 816 603 903 parties
622 835 686 877 non
697 829 773 874 rece
786 805 1060 895 republiqoousus
1080 794 1157 885 est),
1171 795 1327 860 nobilium

340 929 391 995 rel
425 927 627 1013 patriciorum
658 920 815 995 ordinem,
849 915 971 991 eoettls,
1003 909 1165 996 privilegia
1192 908 1326 995 cogitat,

342 1052 373 1105 et
393 1039 532 1126 plebejos
555 1035 603 1101 his
625 1032 763 1099 subditos
793 1026 967 1094 secundum
997 1024 1082 1109 leges
1109 1020 1252 1085 duriores
1276 1020 1325 1082 rel

341 1153 497 1229 mitiores,
531 1171 650 1236 quasa
682 1143 840 1211 nobilibus
865 1137 1042 1223 acceperint
1063 1132 1123 1222 (1)
1178 1133 1227 1197 Sic
1257 1153 1325 1195 sae-

341 1266 429 1353 pius,
461 1264 501 1328 dc
538 1258 726 1327 democratid
749 1257 907 1341 loquens,=
929 1253 1073 1335 Spartam
1106 1250 1203 1312 citare
1229 1246 1326 1321 solet,

341 1379 385 1444 ita
405 1387 442 1440 ut
464 1374 607 1439 videatur
628 1370 722 1454 hujus
743 1366 993 1433 constitutionem
1020 1363 1060 1428 ad
1085 1360 1249 1447 popularia
1275 1378 1325 1420 re-

345 1489 463 1577 gimina
481 1484 674 1552 referendam
687 1481 875 1546 existimasse
893 1475 955 1568 (2);
967 1477 1009 1541 ita
1019 1477 1233 1540 Romanorum
1244 1490 1326 1534 rem·

341 1601 505 1688 publicam
527 1595 768 1666 aristocraticam
789 1601 966 1676 nuncupat,
990 1588 1072 1653 etad
1087 1592 1324 1686 eamprovocat,

343 1737 403 1780 ceu
423 1714 465 1782 ad
491 1710 695 1778 aristocratici
719 1707 880 1793 regiminis
899 1704 1074 1789 exemplar,
1098 1697 1250 1786 quamdiu
1267 1695 1325 1779 ju-

343 1823 426 1886 rium
443 1822 582 1887 civilium
598 1818 762 1886 discrimen
785 1826 863 1881 esset
882 1814 1117 1899 interpatricios
1130 1822 1162 1875 et
1180 1806 1324 1896 plebeiae

346 1935 461 2003 deinde
480 1934 603 2000 senatds
627 1930 797 2016 potentiam
820 1927 1047 1994 »aristocratiae
1069 1922 1203 1987 rudera”
1221 1928 1324 1994 vocat,

345 2060 377 2114 et
402 2046 608 2113 democratiae
633 2053 688 2107 aut
714 2039 878 2105 universali
901 2038 1102 2127 reipublicae
1119 2031 1326 2119 appellatione

345 2159 446 2222 utitur
467 2155 526 2245 (3)

390 2269 460 2333 Jam
477 2266 587 2332 eodem
604 2263 699 2329 modo
717 2263 832 2349 reliqui
846 2261 1032 2328 considerari
1051 2259 1168 2345 possint
1186 2252 1327 2320 ductoris

344 2384 383 2447 N.
405 2380 484 2458 loci,
507 2378 621 2466 quibm
641 2375 816 2441 doctrinam
828 2397 917 2440 suam
934 2374 975 2439 de
990 2371 1162 2458 principiis,
1180 2368 1222 2434 ad
1237 2366 1326 2432 insti-

342 2494 498 2559 tutionem
512 2491 702 2577 jurentutis,
728 2490 823 2554 varias
839 2487 947 2552 rerum
969 2485 1115 2572 gestionis
1133 2493 1255 2567 partes,
1270 2501 1326 2545 oo-

341 2608 424 2695 pias,
446 2605 547 2684 bella,
569 2604 763 2679 libertatern,
791 2599 977 2688 religionem
1002 2608 1061 2662 etc.
1083 2593 1235 2681 applicat3
1270 2613 1331 2658 re-

344 2720 546 2804 nlmsaepius
563 2715 691 2783 eaedem
708 2712 931 2778 mensumn
942 2706 1128 2795 repetendae
1147 2707 1267 2783 forent,
1287 2703 1328 2767 de

344 2893 575 2913 μή

379 2997 417 3063 (1)
434 2996 602 3046 Aristocratiae
620 2970 729 3042 delinitio
747 2994 782 3043 Ε.
790 2995 815 3043 d.
825 2994 858 3042 L.
879 2995 911 3042 11.
924 2997 947 3058 1,
960 2994 995 3042 ita
1007 2991 1127 3041 sehabet:
1146 2992 1190 3041 »le
1198 3008 1327 3057 gouverne-

345 3099 411 3139 ment
428 3085 588 3155 rdpublicain‚
614 3088 645 3134 oti
661 3084 792 3135 seulement
809 3102 856 3134 une
872 3083 949 3151 partie
968 3083 1001 3134 du
1016 3065 1104 3150 peuple
1121 3101 1134 3131 a
1152 3084 1174 3132 la
1186 3084 1327 3147 ¹trouveraine

344 3181 499 3252 puiuance,''
515 3184 615 3251 quicum
635 3184 667 3232 cf.
686 3182 720 3229 Il.
738 3183 766 3233 3.
1054 3170 1057 3176 ’

380 3277 419 3346 (8)
436 3279 471 3329 E.
489 3276 515 3326 d.
533 3274 561 3325 L.
579 3276 610 3326 V.
627 3276 653 3337 7,
670 3277 701 3339 8;
717 3275 761 3323 xt.
780 3275 821 3323 19.
849 3273 883 3321 lle
898 3274 993 3337 Spartae
1010 3273 1191 3332 constitutione,
1208 3269 1329 3338 maude-

344 3374 497 3431 moeraticam
513 3367 613 3432 habuit,
639 3366 691 3417 dico
716 3369 810 3415 tantum
827 3363 891 3430 quod
909 3362 939 3412 ad
959 3361 1164 3425 Lacedaemonios,
1188 3380 1242 3413 nam
1259 3379 1329 3430 quam

343 3459 494 3511 intolerabili
515 3468 539 3507 et
558 3458 613 3523 plus
636 3474 708 3523 quam
726 3458 885 3506 aristocratirri
905 3455 1273 3522 dominatione-opprimerentur
1290 3474 1327 3504 re-

342 3552 407 3618 liqui
421 3552 533 3599 laconiae
545 3548 649 3613 incolae,
666 3549 796 3613 Messenii,
812 3546 921 3613 llilotes,
937 3562 985 3595 nou
1000 3547 1066 3611 sugit
1081 3560 1281 3614 loramentum,
1294 3549 1327 3598 E.

344 3644 371 3694 d.
386 3644 416 3692 L.
433 3642 484 3691 XV.
503 3640 545 3704 10,
564 3639 606 3688 17.
1103 3649 1106 3654 ’

380 3734 417 3803 ld)
443 3734 478 3785 Ε.
498 3732 523 3782 d.
541 3731 571 3782 L.
587 3732 621 3780 11.
640 3732 657 3778 8
674 3727 736 3779 med.
754 3739 872 3796 comparat
888 3728 1030 3792 dictaturam
1046 3733 1135 3796 Romae
1151 3740 1176 3780 et
1191 3730 1327 3798 inpunitio-

345 3845 400 3879 nem
411 3826 535 3894 politica·
547 3823 709 3875 Venetorum
730 3819 808 3871 nll’oir
818 3818 916 3886 rient,‘’
924 3823 1020 3888 inquit,
1028 3838 1094 3889 oque
1105 3839 1145 3871 ees
1156 3824 1328 3887 magistratum

345 3937 370 3969 se
388 3928 501 3968 trouvent
517 3924 538 3966 st
557 3915 694 3965 differentes
712 3913 769 3964 dans
785 3931 822 3963 ces
838 3912 901 3963 deux
921 3911 1097 3980 ripubliquesi
1125 3911 1187 3962 C‘est
1200 3914 1326 3980 queltome
1392 3911 1397 3921 “

278 4061 284 4064 ,
345 4010 467 4060 delendait
485 4012 522 4059 les
539 4016 618 4079 restes
636 4010 666 4058 ele
682 4023 729 4057 aon
745 4008 903 4056 crismatis
920 4014 1003 4054 contre
1020 4003 1043 4053 le
1059 4004 1161 4070 peuple3
1180 4020 1211 4053 an
1224 4004 1327 4069 lieuqoe

344 4101 430 4150 Venire
447 4116 471 4148 se
488 4110 537 4148 sert
552 4098 582 4147 de
599 4116 634 4148 aes
648 4100 803 4166 inquisiteurs
820 4095 907 4163 d'etat,
929 4113 993 4164 pour
1014 4097 1154 4146 motationis·
1171 4111 1216 4145 eoo
1240 4091 1326 4145 ors'sto·

345 4194 435 4256 oratu,
454 4201 534 4240 contre
547 4190 581 4238 les
593 4190 697 4241 nobles.”
719 4190 758 4241 (ll.
771 4189 806 4239 ll.
815 4192 832 4238 2
842 4206 884 4253 nr.;
901 4189 933 4240 V.
942 4190 967 4254 8,
980 4191 1006 4252 73
1024 4186 1157 4255 V1112123
1173 4186 1216 4237 xt.
1227 4188 1260 4237 ld
1268 4189 1324 4252 'app
