2892 5042
793 505 881 565 ·54

366 689 515 757 nonnulla
533 686 573 753 do
586 685 652 771 ojus
667 684 786 749 milone
800 679 955 748 scribendi
971 678 1050 743 etdis
1074 672 1206 761 potandi
1228 670 1364 736 muno

367 802 417 881 do,
433 822 509 889 quas
518 799 703 866 recentiores
712 816 823 881 parum
832 795 939 859 Latine
948 793 1031 878 styli
1040 784 1361 872 nominedssigusnt.

599 1052 617 1135 §
641 1048 671 1112 l.
703 1044 756 1111 De
774 1064 1002 1121 nonrssonrvrr
1025 1041 1122 1127 stylo.

414 1248 534 1315 Tritum
558 1246 627 1313 satis
648 1258 695 1323 et,
717 1243 802 1331 quod
822 1243 946 1329 majoris
967 1254 1022 1321 est,
1041 1262 1152 1307 serum
1171 1240 1285 1326 utique
1303 1236 1362 1302 a'd·

370 1362 473 1449 paruit
505 1361 631 1425 allatum
661 1380 825 1437 norron113
860 1357 983 1444 »stylus
1005 1355 1070 1440 ipso
1098 1353 1193 1419 bomo
1211 1356 1292 1417 est.'’
1313 1386 1363 1399 —

370 1476 453 1541 Utile
472 1474 569 1563 igitur
587 1473 645 1537 erit
663 1492 700 1537 so
718 1472 842 1559 placito,
863 1482 1011 1556 tanquam
1029 1467 1082 1531 filo
1094 1464 1247 1531 Ariadneo
1264 1474 1361 1531 utan-

372 1598 432 1663 tes,
464 1608 693 1664 nonrmoorvrr
721 1586 849 1668 scripta,
873 1604 968 1668 quam
989 1579 1167 1646 brevissime
1188 1577 1361 1663 posumus,

369 1698 573 1783 perlustrare,
597 1707 633 1760 ut
656 1694 779 1760 dicendi
801 1695 878 1759 ratio
902 1693 940 1758 ad
963 1694 1022 1757 riri
1041 1692 1203 1780 ingenium
1221 1712 1360 1755 noscen-

343 1808 448 1874 ‘dum
472 1808 632 1886 inserviat,
663 1819 699 1873 ut
724 1807 876 1893 imprimis
902 1807 995 1871 etiam
1024 1827 1060 1870 ex
1081 1803 1209 1892 ingenio
1231 1800 1361 1867 dicendi

372 1920 449 1987 ratio
480 1920 660 2007 explicetur.
706 1919 826 1986 floralis
852 1930 956 1985 autem
983 1919 1165 2005 praestantia
1189 1937 1294 2014 quum
1311 1917 1361 1979 in·

374 2034 456 2120 genii
475 2034 612 2100 acumini
632 2032 835 2118 praeferenda
855 2032 909 2107 sit,
932 2032 1033 2116 primo
1056 2031 1125 2095 loco
1145 2028 1358 2106 monendum,

373 2143 581 2220 humanitatis,
605 2141 854 2220 benevolentiae,
879 2154 910 2206 at
927 2143 1076 2207 comitatis
1092 2141 1199 2206 laudes
1218 2161 1360 2204 nonnas

374 2276 488 2332 onrvro
517 2265 548 2319 et
575 2254 694 2319 debitas
721 2266 752 2319 et
779 2256 819 2321 ab
844 2255 1025 2340 aequalibus
1045 2254 1175 2318 tributas
1201 2274 1276 2318 esse.
1322 2253 1358 2316 ln

374 2365 490 2452 privati
507 2366 603 2452 ipsius
621 2367 683 2431 viti
700 2366 760 2432 hae
780 2367 907 2431 virtutes
927 2368 1046 2451 saepius
1067 2366 1240 2444 eminuere;
1257 2384 1356 2428 unmn

373 2479 555 2565 praesertim
576 2478 775 2544 humanitatis
797 2478 985 2564 exemplum,
995 2478 1068 2543 licet
1089 2489 1200 2542 notum
1218 2477 1256 2540 sit
1277 2478 1357 2540 mul-

373 2592 412 2656 tis
432 2591 541 2671 etiam,
565 2591 620 2679 qui
639 2591 717 2657 nihil
738 2603 896 2677 praeterea
921 2590 961 2655 de
982 2610 1221 2666 nonnasoorvro
1242 2590 1354 2666 sciant,

374 2705 450 2790 quin
469 2704 522 2771 hic
542 2706 689 2781 referam,
706 2705 861 2768 abstinere
878 2725 1010 2788 nequeo.
1044 2703 1191 2766 Provecta
1201 2703 1267 2786 jam
1282 2723 1357 2786 pau·

373 2814 477 2876 lulum
503 2823 602 2877 aetate
623 2813 784 2889 Massiliae,
813 2814 868 2876 ubi
890 2835 1026 2877 sororem
1050 2834 1288 2899 nonnumquam
1310 2816 1358 2878 in·

374 2923 507 2998 visebat,
536 2944 668 3001 versans,
691 2923 904 3008 pomeridiano
925 2936 1065 3010 tempore
1086 2927 1119 2989 in
1140 2915 1233 3012 portu
1254 2927 1357 2990 deam·

375 3033 486 3097 bulare
507 3034 617 3118 coepit3
640 3034 702 3110 hic,
722 3035 769 3097 uti
782 3035 816 3098 in
832 3035 983 3118 ejusmodi
997 3037 1072 3101 locis
1086 3060 1175 3123 saepe
1190 3039 1267 3102 solet
1280 3038 1356 3117 fieri,

375 3146 551 3213 adolescens
566 3146 693 3234 quidam
711 3148 832 3212 obviam
855 3148 883 3211 ei
898 3147 949 3226 fit,
971 3151 1114 3234 cymbam
1131 3150 1220 3214 offert
1236 3150 1276 3214 ad
1289 3172 1358 3235 par-

377 3280 449 3325 vam
467 3260 702 3347 navigationem.
725 3261 874 3346 Cymbam
890 3261 1035 3325 conducit
1055 3271 1168 3341 noster;
1192 3263 1357 3327 mondum

378 3372 534 3454 navigant,
546 3393 604 3454 pro
621 3394 709 3434 more
728 3394 784 3434 suo
804 3394 878 3436 cum
895 3385 1017 3438 vectore
1031 3373 1141 3458 incipit
1159 3374 1357 3442 confabulari.
1402 3350 1404 3355 ⁴

414 3613 450 3680 (1)
467 3613 612 3662 llaurunrors
628 3632 682 3683 pag.
701 3617 749 3679 29,
767 3616 810 3666 ubi
823 3616 920 3683 perinde
935 3620 1070 3669 munificam
1077 3631 1241 3675 innumerum
1253 3621 1356 3672 indolem

290 3771 293 3777 ι
379 3704 477 3768 laudm,
503 3703 547 3754 boc
565 3704 654 3754 facturn
673 3705 746 3755 verbo
768 3713 860 3759 tantum
881 3712 971 3774 tangit.
1006 3711 1080 3761 Aliud
1107 3712 1240 3779 exemplum
1266 3714 1358 3777 adfert,

379 3797 444 3866 qnod
459 3795 551 3845 scilicet
568 3798 593 3845 in
609 3807 677 3845 coetu
693 3798 794 3864 quodam
812 3801 950 3864 academiae,
961 3812 1084 3869 postquam
1100 3805 1233 3852 nunciasset
1243 3805 1302 3871 Regi
1310 3805 1358 3855 dis.

380 3888 468 3953 plicere
484 3890 631 3955 cooptionem
647 3902 727 3937 stam
747 3903 831 3959 ernon,
850 3892 929 3941 eidem
948 3895 1067 3943 occasione
1083 3896 1117 3943 ita
1136 3893 1215 3944 vivide
1229 3899 1297 3946 sociis
1315 3897 1359 3948 de·

381 3979 487 4047 pinxerit
507 3979 579 4043 bojns
598 3991 683 4045 poetae
698 3984 784 4032 merita
799 3993 824 4032 et
841 3984 955 4051 inopiam,
975 3994 1004 4033 nt
1021 4002 1034 4032 e
1051 3985 1119 4034 donis
1138 3984 1245 4035 collectis
1263 3986 1357 4055 (quibus

381 4082 425 4116 sua
451 4066 571 4117 addiderit
593 4069 687 4121 domina
708 4085 741 4120 us
762 4075 909 4141 murtrum)
931 4075 1024 4126 reditus
1045 4092 1137 4126 annuus
1162 4078 1185 4127 el
1207 4080 1357 4131 conficeretur

381 4158 446 4209 milla
462 4157 585 4208 librarum.
