<?xml version="1.0" encoding="UTF-8"?>
<!DOCTYPE html PUBLIC "-//W3C//DTD XHTML 1.0 Transitional//EN"
    "http://www.w3.org/TR/xhtml1/DTD/xhtml1-transitional.dtd">
<html xmlns="http://www.w3.org/1999/xhtml" xml:lang="en" lang="en">
 <head>
  <title>
</title>
<meta http-equiv="Content-Type" content="text/html;charset=utf-8" />
  <meta name='ocr-system' content='tesseract 3.04.00' />
  <meta name='ocr-capabilities' content='ocr_page ocr_carea ocr_par ocr_line ocrx_word'/>
</head>
<body>
  <div class='ocr_page' id='page_1' title='image "./speciminisinaug00heemgoog_0274.png"; bbox 0 0 2892 5042; ppageno 0'>
   <div class='ocr_carea' id='block_1_1' title="bbox 799 525 861 586">
    <p class='ocr_par' dir='ltr' id='par_1_1' title="bbox 799 525 861 586">
     <span class='ocr_line' id='line_1_1' title="bbox 799 525 861 586; baseline 0.048 -3"><span class='ocrx_word' id='word_1_1' title='bbox 799 525 861 586; x_wconf 88' lang='lat'>128</span> 
     </span>
    </p>
   </div>
   <div class='ocr_carea' id='block_1_2' title="bbox 305 706 1370 3387">
    <p class='ocr_par' dir='ltr' id='par_1_2' title="bbox 318 706 1369 1597">
     <span class='ocr_line' id='line_1_2' title="bbox 373 706 1325 805; baseline -0.021 -13"><span class='ocrx_word' id='word_1_2' title='bbox 373 722 498 791; x_wconf 60' lang='lat' dir='ltr'>&#39;Mrem</span> <span class='ocrx_word' id='word_1_3' title='bbox 530 724 614 789; x_wconf 85' lang='lat' dir='ltr'>hisce</span> <span class='ocrx_word' id='word_1_4' title='bbox 646 719 804 805; x_wconf 73' lang='lat' dir='ltr'>vituperiis</span> <span class='ocrx_word' id='word_1_5' title='bbox 833 715 947 781; x_wconf 80' lang='lat' dir='ltr'>dedere</span> <span class='ocrx_word' id='word_1_6' title='bbox 971 712 1113 798; x_wconf 81' lang='lat' dir='ltr'>inprimis</span> <span class='ocrx_word' id='word_1_7' title='bbox 1142 710 1236 791; x_wconf 82' lang='lat' dir='ltr'>libri,</span> <span class='ocrx_word' id='word_1_8' title='bbox 1269 706 1325 797; x_wconf 86' lang='lat' dir='ltr'>qui</span> 
     </span>
     <span class='ocr_line' id='line_1_3' title="bbox 318 823 1327 927; baseline -0.022 -21"><span class='ocrx_word' id='word_1_9' title='bbox 318 862 449 927; x_wconf 70' lang='lat' dir='ltr'>&#39;magno</span> <span class='ocrx_word' id='word_1_10' title='bbox 469 838 554 925; x_wconf 85' lang='lat' dir='ltr'>operi</span> <span class='ocrx_word' id='word_1_11' title='bbox 569 839 691 912; x_wconf 88' lang='lat' dir='ltr'>insunt,</span> <span class='ocrx_word' id='word_1_12' title='bbox 711 833 753 897; x_wconf 85' lang='lat' dir='ltr'>do</span> <span class='ocrx_word' id='word_1_13' title='bbox 768 835 803 896; x_wconf 80' lang='lat' dir='ltr'>oi</span> <span class='ocrx_word' id='word_1_14' title='bbox 818 831 903 895; x_wconf 79' lang='lat' dir='ltr'>coeli</span> <span class='ocrx_word' id='word_1_15' title='bbox 917 848 972 893; x_wconf 88' lang='lat' dir='ltr'>seu</span> <span class='ocrx_word' id='word_1_16' title='bbox 992 827 1142 903; x_wconf 82' lang='lat' dir='ltr'>climate,</span> <span class='ocrx_word' id='word_1_17' title='bbox 1166 845 1247 909; x_wconf 89' lang='lat' dir='ltr'>quos</span> <span class='ocrx_word' id='word_1_18' title='bbox 1266 823 1327 909; x_wconf 84' lang='lat' dir='ltr'>igi·</span> 
     </span>
     <span class='ocr_line' id='line_1_4' title="bbox 336 936 1327 1037; baseline -0.02 -20"><span class='ocrx_word' id='word_1_19' title='bbox 336 964 388 1017; x_wconf 86' lang='lat' dir='ltr'>tur</span> <span class='ocrx_word' id='word_1_20' title='bbox 411 952 561 1037; x_wconf 76' lang='lat' dir='ltr'>peculiari</span> <span class='ocrx_word' id='word_1_21' title='bbox 590 947 726 1013; x_wconf 76' lang='lat' dir='ltr'>sectione</span> <span class='ocrx_word' id='word_1_22' title='bbox 762 939 979 1009; x_wconf 86' lang='lat' dir='ltr'>memorandos</span> <span class='ocrx_word' id='word_1_23' title='bbox 1006 960 1071 1004; x_wconf 88' lang='lat' dir='ltr'>esse</span> <span class='ocrx_word' id='word_1_24' title='bbox 1097 936 1218 1022; x_wconf 80' lang='lat' dir='ltr'>putavi,</span> <span class='ocrx_word' id='word_1_25' title='bbox 1250 937 1327 1000; x_wconf 89' lang='lat' dir='ltr'>lieet</span> 
     </span>
     <span class='ocr_line' id='line_1_5' title="bbox 335 1050 1326 1143; baseline -0.017 -16"><span class='ocrx_word' id='word_1_26' title='bbox 335 1084 456 1140; x_wconf 79' lang='lat' dir='ltr'>verear,</span> <span class='ocrx_word' id='word_1_27' title='bbox 478 1072 513 1125; x_wconf 88' lang='lat' dir='ltr'>ut</span> <span class='ocrx_word' id='word_1_28' title='bbox 535 1062 594 1123; x_wconf 86' lang='lat' dir='ltr'>rite</span> <span class='ocrx_word' id='word_1_29' title='bbox 616 1056 786 1143; x_wconf 74' lang='lat' dir='ltr'>procedere</span> <span class='ocrx_word' id='word_1_30' title='bbox 808 1054 947 1130; x_wconf 77' lang='lat' dir='ltr'>taleam,</span> <span class='ocrx_word' id='word_1_31' title='bbox 972 1073 1091 1138; x_wconf 78' lang='lat' dir='ltr'>quippe</span> <span class='ocrx_word' id='word_1_32' title='bbox 1114 1050 1192 1115; x_wconf 88' lang='lat' dir='ltr'>fines</span> <span class='ocrx_word' id='word_1_33' title='bbox 1217 1059 1326 1112; x_wconf 88' lang='lat' dir='ltr'>trans·</span> 
     </span>
     <span class='ocr_line' id='line_1_6' title="bbox 335 1158 1328 1261; baseline -0.016 -21"><span class='ocrx_word' id='word_1_34' title='bbox 335 1196 456 1261; x_wconf 75' lang='lat' dir='ltr'>gressus</span> <span class='ocrx_word' id='word_1_35' title='bbox 465 1173 647 1257; x_wconf 88' lang='lat' dir='ltr'>disciplinae</span> <span class='ocrx_word' id='word_1_36' title='bbox 658 1194 676 1235; x_wconf 90' lang='lat' dir='ltr'>a</span> <span class='ocrx_word' id='word_1_37' title='bbox 687 1167 932 1254; x_wconf 80' lang='lat' dir='ltr'>jurisprudentiai</span> <span class='ocrx_word' id='word_1_38' title='bbox 944 1187 1069 1250; x_wconf 88' lang='lat' dir='ltr'>prorsus</span> <span class='ocrx_word' id='word_1_39' title='bbox 1081 1164 1228 1228; x_wconf 84' lang='lat' dir='ltr'>diversae.</span> <span class='ocrx_word' id='word_1_40' title='bbox 1250 1158 1328 1224; x_wconf 80' lang='lat' dir='ltr'>ldihi</span> 
     </span>
     <span class='ocr_line' id='line_1_7' title="bbox 336 1270 1369 1369; baseline -0.015 -17"><span class='ocrx_word' id='word_1_41' title='bbox 336 1298 442 1352; x_wconf 88' lang='lat' dir='ltr'>autem</span> <span class='ocrx_word' id='word_1_42' title='bbox 454 1286 575 1351; x_wconf 82' lang='lat' dir='ltr'>ridetur</span> <span class='ocrx_word' id='word_1_43' title='bbox 591 1286 701 1369; x_wconf 81' lang='lat' dir='ltr'>(fateor</span> <span class='ocrx_word' id='word_1_44' title='bbox 712 1291 743 1345; x_wconf 86' lang='lat' dir='ltr'>et</span> <span class='ocrx_word' id='word_1_45' title='bbox 759 1280 944 1344; x_wconf 84' lang='lat' dir='ltr'>sententiam</span> <span class='ocrx_word' id='word_1_46' title='bbox 965 1276 1097 1362; x_wconf 80' lang='lat' dir='ltr'>probaro</span> <span class='ocrx_word' id='word_1_47' title='bbox 1107 1270 1270 1357; x_wconf 87' lang='lat' dir='ltr'>conabor),</span> <span class='ocrx_word' id='word_1_48' title='bbox 1287 1274 1326 1337; x_wconf 76' lang='lat' dir='ltr'>A.</span> <span class='ocrx_word' id='word_1_49' title='bbox 1363 1278 1369 1285; x_wconf 87' lang='lat'>&#39;</span> 
     </span>
     <span class='ocr_line' id='line_1_8' title="bbox 336 1385 1326 1479; baseline -0.014 -18"><span class='ocrx_word' id='word_1_50' title='bbox 336 1399 374 1463; x_wconf 86' lang='lat' dir='ltr'>tt.</span> <span class='ocrx_word' id='word_1_51' title='bbox 398 1417 462 1461; x_wconf 90' lang='lat' dir='ltr'>non</span> <span class='ocrx_word' id='word_1_52' title='bbox 480 1395 558 1460; x_wconf 89' lang='lat' dir='ltr'>adeo</span> <span class='ocrx_word' id='word_1_53' title='bbox 574 1415 736 1479; x_wconf 73' lang='lat' dir='ltr'>peccasse,</span> <span class='ocrx_word' id='word_1_54' title='bbox 760 1390 845 1478; x_wconf 93' lang='lat' dir='ltr'>qnod</span> <span class='ocrx_word' id='word_1_55' title='bbox 870 1389 1002 1452; x_wconf 90' lang='lat' dir='ltr'>nimium</span> <span class='ocrx_word' id='word_1_56' title='bbox 1023 1386 1140 1452; x_wconf 87' lang='lat' dir='ltr'>climati</span> <span class='ocrx_word' id='word_1_57' title='bbox 1159 1385 1326 1460; x_wconf 87' lang='lat' dir='ltr'>tribuerit,</span> 
     </span>
     <span class='ocr_line' id='line_1_9' title="bbox 337 1498 1247 1597; baseline -0.015 -20"><span class='ocrx_word' id='word_1_58' title='bbox 337 1530 433 1597; x_wconf 85' lang='lat' dir='ltr'>quam</span> <span class='ocrx_word' id='word_1_59' title='bbox 455 1509 543 1596; x_wconf 89' lang='lat' dir='ltr'>qnod</span> <span class='ocrx_word' id='word_1_60' title='bbox 564 1509 630 1592; x_wconf 89' lang='lat' dir='ltr'>ejus</span> <span class='ocrx_word' id='word_1_61' title='bbox 654 1508 814 1571; x_wconf 85' lang='lat' dir='ltr'>notionem</span> <span class='ocrx_word' id='word_1_62' title='bbox 830 1501 923 1567; x_wconf 87' lang='lat' dir='ltr'>nimis</span> <span class='ocrx_word' id='word_1_63' title='bbox 940 1512 1070 1589; x_wconf 79' lang='lat' dir='ltr'>anguste</span> <span class='ocrx_word' id='word_1_64' title='bbox 1090 1498 1247 1564; x_wconf 86' lang='lat' dir='ltr'>sumserit.</span> 
     </span>
    </p>

    <p class='ocr_par' dir='ltr' id='par_1_3' title="bbox 305 1611 1331 2718">
     <span class='ocr_line' id='line_1_10' title="bbox 381 1611 1326 1708; baseline -0.017 -19"><span class='ocrx_word' id='word_1_65' title='bbox 381 1625 523 1708; x_wconf 89' lang='lat' dir='ltr'>Namque</span> <span class='ocrx_word' id='word_1_66' title='bbox 547 1620 659 1706; x_wconf 88' lang='lat' dir='ltr'>procul</span> <span class='ocrx_word' id='word_1_67' title='bbox 680 1618 777 1683; x_wconf 91' lang='lat' dir='ltr'>dubio</span> <span class='ocrx_word' id='word_1_68' title='bbox 797 1626 860 1694; x_wconf 88' lang='lat' dir='ltr'>est,</span> <span class='ocrx_word' id='word_1_69' title='bbox 879 1616 913 1679; x_wconf 93' lang='lat' dir='ltr'>in</span> <span class='ocrx_word' id='word_1_70' title='bbox 934 1614 1117 1691; x_wconf 81' lang='lat' dir='ltr'>animalem,</span> <span class='ocrx_word' id='word_1_71' title='bbox 1145 1622 1176 1676; x_wconf 91' lang='lat' dir='ltr'>et</span> <span class='ocrx_word' id='word_1_72' title='bbox 1198 1611 1273 1675; x_wconf 90' lang='lat' dir='ltr'>hinc</span> <span class='ocrx_word' id='word_1_73' title='bbox 1291 1611 1326 1673; x_wconf 88' lang='lat' dir='ltr'>in</span> 
     </span>
     <span class='ocr_line' id='line_1_11' title="bbox 337 1724 1327 1818; baseline -0.01 -22"><span class='ocrx_word' id='word_1_74' title='bbox 337 1732 515 1818; x_wconf 77' lang='lat' dir='ltr'>psychicum</span> <span class='ocrx_word' id='word_1_75' title='bbox 551 1732 684 1795; x_wconf 90' lang='lat' dir='ltr'>hominis</span> <span class='ocrx_word' id='word_1_76' title='bbox 713 1729 922 1793; x_wconf 88' lang='lat' dir='ltr'>conditionem</span> <span class='ocrx_word' id='word_1_77' title='bbox 953 1727 1055 1791; x_wconf 73' lang='lat' dir='ltr'>valere</span> <span class='ocrx_word' id='word_1_78' title='bbox 1083 1725 1161 1789; x_wconf 68' lang='lat' dir='ltr'>aeris</span> <span class='ocrx_word' id='word_1_79' title='bbox 1193 1724 1327 1788; x_wconf 89' lang='lat' dir='ltr'>calorem</span> 
     </span>
     <span class='ocr_line' id='line_1_12' title="bbox 341 1837 1328 1930; baseline -0.009 -23"><span class='ocrx_word' id='word_1_80' title='bbox 341 1845 390 1909; x_wconf 85' lang='lat' dir='ltr'>rel</span> <span class='ocrx_word' id='word_1_81' title='bbox 417 1846 535 1930; x_wconf 80' lang='lat' dir='ltr'>frigus,</span> <span class='ocrx_word' id='word_1_82' title='bbox 566 1843 733 1909; x_wconf 87' lang='lat' dir='ltr'>humorem</span> <span class='ocrx_word' id='word_1_83' title='bbox 751 1840 805 1904; x_wconf 83' lang='lat' dir='ltr'>vel</span> <span class='ocrx_word' id='word_1_84' title='bbox 836 1840 1023 1916; x_wconf 88' lang='lat' dir='ltr'>siccitatem,</span> <span class='ocrx_word' id='word_1_85' title='bbox 1058 1849 1184 1915; x_wconf 86' lang='lat' dir='ltr'>ventos,</span> <span class='ocrx_word' id='word_1_86' title='bbox 1210 1837 1328 1923; x_wconf 88' lang='lat' dir='ltr'>quihus</span> 
     </span>
     <span class='ocr_line' id='line_1_13' title="bbox 340 1951 1328 2043; baseline -0.008 -24"><span class='ocrx_word' id='word_1_87' title='bbox 340 1956 504 2042; x_wconf 79' lang='lat' dir='ltr'>objicitur,</span> <span class='ocrx_word' id='word_1_88' title='bbox 537 1976 689 2043; x_wconf 86' lang='lat' dir='ltr'>aquarum</span> <span class='ocrx_word' id='word_1_89' title='bbox 722 1951 843 2038; x_wconf 89' lang='lat' dir='ltr'>copiam</span> <span class='ocrx_word' id='word_1_90' title='bbox 872 1952 922 2015; x_wconf 84' lang='lat' dir='ltr'>rel</span> <span class='ocrx_word' id='word_1_91' title='bbox 940 1951 1095 2037; x_wconf 88' lang='lat' dir='ltr'>inopiam,</span> <span class='ocrx_word' id='word_1_92' title='bbox 1130 1951 1207 2016; x_wconf 92' lang='lat' dir='ltr'>item</span> <span class='ocrx_word' id='word_1_93' title='bbox 1227 1970 1328 2034; x_wconf 87' lang='lat' dir='ltr'>aquae</span> 
     </span>
     <span class='ocr_line' id='line_1_14' title="bbox 339 2061 1328 2153; baseline -0.009 -20"><span class='ocrx_word' id='word_1_94' title='bbox 339 2091 499 2153; x_wconf 86' lang='lat' dir='ltr'>saporem,</span> <span class='ocrx_word' id='word_1_95' title='bbox 523 2088 616 2152; x_wconf 88' lang='lat' dir='ltr'>porro</span> <span class='ocrx_word' id='word_1_96' title='bbox 648 2068 745 2130; x_wconf 93' lang='lat' dir='ltr'>situm</span> <span class='ocrx_word' id='word_1_97' title='bbox 770 2063 943 2129; x_wconf 85' lang='lat' dir='ltr'>habitaculi</span> <span class='ocrx_word' id='word_1_98' title='bbox 968 2065 1068 2128; x_wconf 92' lang='lat' dir='ltr'>altum</span> <span class='ocrx_word' id='word_1_99' title='bbox 1086 2064 1136 2126; x_wconf 88' lang='lat' dir='ltr'>vel</span> <span class='ocrx_word' id='word_1_100' title='bbox 1159 2061 1328 2136; x_wconf 88' lang='lat' dir='ltr'>humilem,</span> 
     </span>
     <span class='ocr_line' id='line_1_15' title="bbox 340 2174 1330 2255; baseline -0.004 -12"><span class='ocrx_word' id='word_1_101' title='bbox 340 2179 486 2243; x_wconf 81' lang='lat' dir='ltr'>viciniam</span> <span class='ocrx_word' id='word_1_102' title='bbox 501 2178 673 2254; x_wconf 91' lang='lat' dir='ltr'>montium,</span> <span class='ocrx_word' id='word_1_103' title='bbox 697 2178 906 2255; x_wconf 88' lang='lat' dir='ltr'>desertorum,</span> <span class='ocrx_word' id='word_1_104' title='bbox 935 2176 1046 2252; x_wconf 87' lang='lat' dir='ltr'>maris,</span> <span class='ocrx_word' id='word_1_105' title='bbox 1079 2176 1170 2240; x_wconf 87' lang='lat' dir='ltr'>humi</span> <span class='ocrx_word' id='word_1_106' title='bbox 1189 2174 1330 2239; x_wconf 80' lang='lat' dir='ltr'>feracita-</span> 
     </span>
     <span class='ocr_line' id='line_1_16' title="bbox 341 2288 1330 2375; baseline -0.007 -19"><span class='ocrx_word' id='word_1_107' title='bbox 341 2305 405 2357; x_wconf 85' lang='lat' dir='ltr'>tem</span> <span class='ocrx_word' id='word_1_108' title='bbox 427 2292 476 2356; x_wconf 86' lang='lat' dir='ltr'>rel</span> <span class='ocrx_word' id='word_1_109' title='bbox 495 2291 705 2365; x_wconf 77' lang='lat' dir='ltr'>sterilitatem,</span> <span class='ocrx_word' id='word_1_110' title='bbox 730 2288 892 2367; x_wconf 85' lang='lat' dir='ltr'>alimenta,</span> <span class='ocrx_word' id='word_1_111' title='bbox 917 2311 998 2375; x_wconf 83' lang='lat' dir='ltr'>quse</span> <span class='ocrx_word' id='word_1_112' title='bbox 1018 2289 1166 2373; x_wconf 85' lang='lat' dir='ltr'>praebeat</span> <span class='ocrx_word' id='word_1_113' title='bbox 1185 2309 1330 2374; x_wconf 87' lang='lat' dir='ltr'>quaeque</span> 
     </span>
     <span class='ocr_line' id='line_1_17' title="bbox 342 2401 1327 2489; baseline -0.003 -23"><span class='ocrx_word' id='word_1_114' title='bbox 342 2403 448 2481; x_wconf 83' lang='lat' dir='ltr'>tellus3</span> <span class='ocrx_word' id='word_1_115' title='bbox 467 2402 541 2466; x_wconf 88' lang='lat' dir='ltr'>dein</span> <span class='ocrx_word' id='word_1_116' title='bbox 561 2403 723 2488; x_wconf 87' lang='lat' dir='ltr'>complura</span> <span class='ocrx_word' id='word_1_117' title='bbox 737 2424 801 2467; x_wconf 88' lang='lat' dir='ltr'>esse</span> <span class='ocrx_word' id='word_1_118' title='bbox 822 2401 943 2489; x_wconf 90' lang='lat' dir='ltr'>opificia</span> <span class='ocrx_word' id='word_1_119' title='bbox 961 2413 992 2464; x_wconf 89' lang='lat' dir='ltr'>et</span> <span class='ocrx_word' id='word_1_120' title='bbox 1012 2402 1185 2467; x_wconf 89' lang='lat' dir='ltr'>industriae</span> <span class='ocrx_word' id='word_1_121' title='bbox 1204 2423 1327 2489; x_wconf 86' lang='lat' dir='ltr'>genem,</span> 
     </span>
     <span class='ocr_line' id='line_1_18' title="bbox 339 2514 1331 2604; baseline -0.006 -22"><span class='ocrx_word' id='word_1_122' title='bbox 339 2539 441 2604; x_wconf 86' lang='lat' dir='ltr'>quae,</span> <span class='ocrx_word' id='word_1_123' title='bbox 472 2517 512 2581; x_wconf 88' lang='lat' dir='ltr'>ob</span> <span class='ocrx_word' id='word_1_124' title='bbox 543 2517 694 2582; x_wconf 81' lang='lat' dir='ltr'>rationem</span> <span class='ocrx_word' id='word_1_125' title='bbox 729 2517 779 2581; x_wconf 80' lang='lat' dir='ltr'>rel</span> <span class='ocrx_word' id='word_1_126' title='bbox 811 2516 917 2581; x_wconf 87' lang='lat' dir='ltr'>locum</span> <span class='ocrx_word' id='word_1_127' title='bbox 945 2515 1098 2593; x_wconf 81' lang='lat' dir='ltr'>exercitii,</span> <span class='ocrx_word' id='word_1_128' title='bbox 1131 2515 1194 2579; x_wconf 90' lang='lat' dir='ltr'>dici</span> <span class='ocrx_word' id='word_1_129' title='bbox 1214 2514 1331 2601; x_wconf 86' lang='lat' dir='ltr'>possint</span> 
     </span>
     <span class='ocr_line' id='line_1_19' title="bbox 305 2627 1019 2718; baseline 0 -24"><span class='ocrx_word' id='word_1_130' title='bbox 305 2637 311 2648; x_wconf 84' lang='grc'><strong><em>’</em></strong></span> <span class='ocrx_word' id='word_1_131' title='bbox 341 2654 436 2697; x_wconf 90' lang='lat' dir='ltr'>suum</span> <span class='ocrx_word' id='word_1_132' title='bbox 457 2632 572 2718; x_wconf 88' lang='lat' dir='ltr'>cuique</span> <span class='ocrx_word' id='word_1_133' title='bbox 597 2631 692 2697; x_wconf 89' lang='lat' dir='ltr'>clima</span> <span class='ocrx_word' id='word_1_134' title='bbox 717 2630 856 2708; x_wconf 88' lang='lat' dir='ltr'>efficere,</span> <span class='ocrx_word' id='word_1_135' title='bbox 881 2640 939 2695; x_wconf 87' lang='lat' dir='ltr'>etc.</span> <span class='ocrx_word' id='word_1_136' title='bbox 962 2627 1019 2718; x_wconf 89' lang='lat'>(1)</span> 
     </span>
    </p>

    <p class='ocr_par' dir='ltr' id='par_1_4' title="bbox 343 2740 1370 3387">
     <span class='ocr_line' id='line_1_20' title="bbox 387 2740 1328 2817; baseline -0.007 -9"><span class='ocrx_word' id='word_1_137' title='bbox 387 2745 432 2808; x_wconf 84' lang='lat' dir='ltr'>Ex</span> <span class='ocrx_word' id='word_1_138' title='bbox 454 2744 539 2809; x_wconf 88' lang='lat' dir='ltr'>hisce</span> <span class='ocrx_word' id='word_1_139' title='bbox 559 2744 703 2808; x_wconf 87' lang='lat' dir='ltr'>omnihus</span> <span class='ocrx_word' id='word_1_140' title='bbox 723 2742 786 2806; x_wconf 94' lang='lat' dir='ltr'>duo</span> <span class='ocrx_word' id='word_1_141' title='bbox 814 2745 936 2807; x_wconf 86' lang='lat' dir='ltr'>tantdm</span> <span class='ocrx_word' id='word_1_142' title='bbox 965 2740 1104 2806; x_wconf 87' lang='lat' dir='ltr'>adtendit</span> <span class='ocrx_word' id='word_1_143' title='bbox 1128 2761 1328 2817; x_wconf 82' lang='lat' dir='ltr'>uonrrsonr-</span> 
     </span>
     <span class='ocr_line' id='line_1_21' title="bbox 345 2853 1329 2939; baseline -0.004 -19"><span class='ocrx_word' id='word_1_144' title='bbox 345 2877 432 2930; x_wconf 84' lang='lat' dir='ltr'>rsus,</span> <span class='ocrx_word' id='word_1_145' title='bbox 459 2855 568 2918; x_wconf 86' lang='lat' dir='ltr'>caloris</span> <span class='ocrx_word' id='word_1_146' title='bbox 589 2854 718 2939; x_wconf 83' lang='lat' dir='ltr'>gradum</span> <span class='ocrx_word' id='word_1_147' title='bbox 741 2864 772 2916; x_wconf 88' lang='lat' dir='ltr'>et</span> <span class='ocrx_word' id='word_1_148' title='bbox 795 2853 884 2916; x_wconf 92' lang='lat' dir='ltr'>humi</span> <span class='ocrx_word' id='word_1_149' title='bbox 900 2854 1092 2918; x_wconf 82' lang='lat' dir='ltr'>fertilitatem</span> <span class='ocrx_word' id='word_1_150' title='bbox 1114 2854 1163 2936; x_wconf 83' lang='lat' dir='ltr'>rel</span> <span class='ocrx_word' id='word_1_151' title='bbox 1184 2853 1329 2920; x_wconf 84' lang='lat' dir='ltr'>sterilita-</span> 
     </span>
     <span class='ocr_line' id='line_1_22' title="bbox 344 2948 1329 3050; baseline 0 -25"><span class='ocrx_word' id='word_1_152' title='bbox 344 2974 424 3041; x_wconf 87' lang='lat' dir='ltr'>tem;</span> <span class='ocrx_word' id='word_1_153' title='bbox 447 2962 606 3026; x_wconf 87' lang='lat' dir='ltr'>interdum</span> <span class='ocrx_word' id='word_1_154' title='bbox 625 2964 727 3048; x_wconf 84' lang='lat' dir='ltr'>tangit</span> <span class='ocrx_word' id='word_1_155' title='bbox 750 2962 848 3027; x_wconf 90' lang='lat' dir='ltr'>obiter</span> <span class='ocrx_word' id='word_1_156' title='bbox 867 2966 1002 3050; x_wconf 83' lang='lat' dir='ltr'>regionis</span> <span class='ocrx_word' id='word_1_157' title='bbox 1019 2966 1162 3030; x_wconf 75' lang='lat' dir='ltr'>formam.</span> <span class='ocrx_word' id='word_1_158' title='bbox 1195 2948 1329 3028; x_wconf 76' lang='lat' dir='ltr'>liistori-</span> 
     </span>
     <span class='ocr_line' id='line_1_23' title="bbox 345 3072 1327 3175; baseline -0.003 -35"><span class='ocrx_word' id='word_1_159' title='bbox 345 3095 415 3140; x_wconf 78' lang='lat' dir='ltr'>cam</span> <span class='ocrx_word' id='word_1_160' title='bbox 441 3075 533 3138; x_wconf 86' lang='lat' dir='ltr'>etiam</span> <span class='ocrx_word' id='word_1_161' title='bbox 553 3074 684 3170; x_wconf 85' lang='lat' dir='ltr'>climatis</span> <span class='ocrx_word' id='word_1_162' title='bbox 704 3072 864 3140; x_wconf 87' lang='lat' dir='ltr'>doctrinae</span> <span class='ocrx_word' id='word_1_163' title='bbox 884 3088 1007 3162; x_wconf 86' lang='lat' dir='ltr'>partem</span> <span class='ocrx_word' id='word_1_164' title='bbox 1022 3077 1176 3164; x_wconf 80' lang='lat' dir='ltr'>neglexit,</span> <span class='ocrx_word' id='word_1_165' title='bbox 1200 3086 1274 3175; x_wconf 86' lang='lat' dir='ltr'>puta</span> <span class='ocrx_word' id='word_1_166' title='bbox 1287 3074 1327 3137; x_wconf 86' lang='lat' dir='ltr'>de</span> 
     </span>
     <span class='ocr_line' id='line_1_24' title="bbox 344 3179 1370 3275; baseline -0.004 -22"><span class='ocrx_word' id='word_1_167' title='bbox 344 3187 507 3275; x_wconf 85' lang='lat' dir='ltr'>regionum</span> <span class='ocrx_word' id='word_1_168' title='bbox 527 3186 647 3253; x_wconf 71' lang='lat' dir='ltr'>diversi</span> <span class='ocrx_word' id='word_1_169' title='bbox 667 3179 845 3257; x_wconf 83' lang='lat' dir='ltr'>conditione</span> <span class='ocrx_word' id='word_1_170' title='bbox 867 3210 925 3273; x_wconf 88' lang='lat' dir='ltr'>pro</span> <span class='ocrx_word' id='word_1_171' title='bbox 948 3188 1075 3253; x_wconf 88' lang='lat' dir='ltr'>dirersis</span> <span class='ocrx_word' id='word_1_172' title='bbox 1094 3190 1259 3268; x_wconf 81' lang='lat' dir='ltr'>aetatibus3</span> <span class='ocrx_word' id='word_1_173' title='bbox 1282 3188 1328 3250; x_wconf 89' lang='lat' dir='ltr'>uti</span> <span class='ocrx_word' id='word_1_174' title='bbox 1367 3232 1370 3239; x_wconf 62' lang='grc'><em>»</em></span> 
     </span>
     <span class='ocr_line' id='line_1_25' title="bbox 343 3298 1330 3387; baseline 0.001 -23"><span class='ocrx_word' id='word_1_175' title='bbox 343 3324 371 3366; x_wconf 89' lang='lat' dir='ltr'>e.</span> <span class='ocrx_word' id='word_1_176' title='bbox 396 3325 427 3387; x_wconf 82' lang='lat' dir='ltr'>g.</span> <span class='ocrx_word' id='word_1_177' title='bbox 450 3300 643 3371; x_wconf 84' lang='lat' dir='ltr'>credendum</span> <span class='ocrx_word' id='word_1_178' title='bbox 662 3312 722 3379; x_wconf 88' lang='lat' dir='ltr'>est,</span> <span class='ocrx_word' id='word_1_179' title='bbox 745 3312 813 3385; x_wconf 90' lang='lat' dir='ltr'>post</span> <span class='ocrx_word' id='word_1_180' title='bbox 832 3300 949 3366; x_wconf 82' lang='lat' dir='ltr'>diluvia</span> <span class='ocrx_word' id='word_1_181' title='bbox 968 3301 1022 3366; x_wconf 92' lang='lat' dir='ltr'>din</span> <span class='ocrx_word' id='word_1_182' title='bbox 1042 3298 1249 3366; x_wconf 87' lang='lat' dir='ltr'>humidiorem</span> <span class='ocrx_word' id='word_1_183' title='bbox 1274 3309 1330 3365; x_wconf 71' lang='lat' dir='ltr'>ats-</span> 
     </span>
    </p>
   </div>
   <div class='ocr_carea' id='block_1_3' title="bbox 342 3562 1331 4279">
    <p class='ocr_par' dir='ltr' id='par_1_5' title="bbox 342 3562 1331 3896">
     <span class='ocr_line' id='line_1_26' title="bbox 342 3562 1331 3636; baseline 0.005 -26"><span class='ocrx_word' id='word_1_184' title='bbox 342 3565 385 3631; x_wconf 78' lang='lat' dir='ltr'>qui</span> <span class='ocrx_word' id='word_1_185' title='bbox 404 3562 461 3611; x_wconf 81' lang='lat' dir='ltr'>adeo</span> <span class='ocrx_word' id='word_1_186' title='bbox 480 3564 553 3630; x_wconf 81' lang='lat' dir='ltr'>dicit,</span> <span class='ocrx_word' id='word_1_187' title='bbox 568 3581 757 3625; x_wconf 74' lang='lat' dir='ltr'>nourmoorrrrrr</span> <span class='ocrx_word' id='word_1_188' title='bbox 775 3587 802 3618; x_wconf 84' lang='lat' dir='ltr'>eo</span> <span class='ocrx_word' id='word_1_189' title='bbox 823 3572 873 3636; x_wconf 84' lang='lat' dir='ltr'>ipso</span> <span class='ocrx_word' id='word_1_190' title='bbox 888 3571 1015 3635; x_wconf 81' lang='lat' dir='ltr'>meruisse,</span> <span class='ocrx_word' id='word_1_191' title='bbox 1030 3578 1058 3617; x_wconf 87' lang='lat' dir='ltr'>ut</span> <span class='ocrx_word' id='word_1_192' title='bbox 1075 3566 1199 3632; x_wconf 79' lang='lat' dir='ltr'>religionis</span> <span class='ocrx_word' id='word_1_193' title='bbox 1212 3562 1270 3618; x_wconf 79' lang='lat' dir='ltr'>Chr.</span> <span class='ocrx_word' id='word_1_194' title='bbox 1289 3566 1331 3616; x_wconf 71' lang='lat' dir='ltr'>ad«</span> 
     </span>
     <span class='ocr_line' id='line_1_27' title="bbox 344 3655 1329 3726; baseline 0.011 -20"><span class='ocrx_word' id='word_1_195' title='bbox 344 3655 458 3707; x_wconf 71' lang='lat' dir='ltr'>nennius</span> <span class='ocrx_word' id='word_1_196' title='bbox 471 3655 607 3705; x_wconf 81' lang='lat' dir='ltr'>haberetur.</span> <span class='ocrx_word' id='word_1_197' title='bbox 631 3658 712 3706; x_wconf 74' lang='lat' dir='ltr'>libros</span> <span class='ocrx_word' id='word_1_198' title='bbox 724 3662 802 3726; x_wconf 78' lang='lat' dir='ltr'>operis</span> <span class='ocrx_word' id='word_1_199' title='bbox 816 3663 846 3709; x_wconf 85' lang='lat' dir='ltr'>de</span> <span class='ocrx_word' id='word_1_200' title='bbox 861 3663 918 3726; x_wconf 73' lang='lat' dir='ltr'>Iup.</span> <span class='ocrx_word' id='word_1_201' title='bbox 934 3665 1015 3726; x_wconf 74' lang='lat' dir='ltr'>loquor</span> <span class='ocrx_word' id='word_1_202' title='bbox 1021 3696 1030 3722; x_wconf 90' lang='lat'>,</span> <span class='ocrx_word' id='word_1_203' title='bbox 1050 3660 1079 3709; x_wconf 85' lang='lat' dir='ltr'>de</span> <span class='ocrx_word' id='word_1_204' title='bbox 1094 3659 1184 3726; x_wconf 76' lang='lat' dir='ltr'>quibus</span> <span class='ocrx_word' id='word_1_205' title='bbox 1198 3677 1273 3709; x_wconf 73' lang='lat' dir='ltr'>termo</span> <span class='ocrx_word' id='word_1_206' title='bbox 1283 3668 1329 3717; x_wconf 62' lang='grc' dir='ltr'>«δῖ’</span> 
     </span>
     <span class='ocr_line' id='line_1_28' title="bbox 343 3748 1327 3816; baseline 0.001 -18"><span class='ocrx_word' id='word_1_207' title='bbox 343 3758 402 3814; x_wconf 88' lang='lat' dir='ltr'>puto</span> <span class='ocrx_word' id='word_1_208' title='bbox 412 3749 479 3812; x_wconf 78' lang='lat' dir='ltr'>XIV,</span> <span class='ocrx_word' id='word_1_209' title='bbox 498 3748 781 3816; x_wconf 81' lang='lat' dir='ltr'>xvt-xvttt,xx1v.</span> <span class='ocrx_word' id='word_1_210' title='bbox 799 3750 870 3800; x_wconf 81' lang='lat' dir='ltr'>Liber</span> <span class='ocrx_word' id='word_1_211' title='bbox 883 3751 935 3816; x_wconf 78' lang='lat' dir='ltr'>XV,</span> <span class='ocrx_word' id='word_1_212' title='bbox 954 3751 1012 3801; x_wconf 84' lang='lat' dir='ltr'>licet</span> <span class='ocrx_word' id='word_1_213' title='bbox 1028 3752 1113 3802; x_wconf 85' lang='lat' dir='ltr'>similis</span> <span class='ocrx_word' id='word_1_214' title='bbox 1130 3754 1153 3800; x_wconf 81' lang='lat' dir='ltr'>ei</span> <span class='ocrx_word' id='word_1_215' title='bbox 1170 3756 1202 3800; x_wconf 86' lang='lat' dir='ltr'>stt</span> <span class='ocrx_word' id='word_1_216' title='bbox 1220 3751 1327 3809; x_wconf 80' lang='lat' dir='ltr'>rubrica,</span> 
     </span>
     <span class='ocr_line' id='line_1_29' title="bbox 343 3840 800 3896; baseline 0.013 -5"><span class='ocrx_word' id='word_1_217' title='bbox 343 3841 419 3892; x_wconf 82' lang='lat' dir='ltr'>multa</span> <span class='ocrx_word' id='word_1_218' title='bbox 436 3840 484 3892; x_wconf 80' lang='lat' dir='ltr'>alia</span> <span class='ocrx_word' id='word_1_219' title='bbox 500 3843 614 3896; x_wconf 80' lang='lat' dir='ltr'>conticet.</span> <span class='ocrx_word' id='word_1_220' title='bbox 646 3869 650 3873; x_wconf 92' lang='lat'>·</span> <span class='ocrx_word' id='word_1_221' title='bbox 792 3840 800 3851; x_wconf 55' lang='lat'>⁸</span> 
     </span>
    </p>

    <p class='ocr_par' dir='ltr' id='par_1_6' title="bbox 344 3912 1331 4279">
     <span class='ocr_line' id='line_1_30' title="bbox 376 3912 1331 4005; baseline -0.002 -20"><span class='ocrx_word' id='word_1_222' title='bbox 376 3933 415 4003; x_wconf 81' lang='lat'>(1)</span> <span class='ocrx_word' id='word_1_223' title='bbox 431 3936 472 3985; x_wconf 78' lang='lat' dir='ltr'>Cf.</span> <span class='ocrx_word' id='word_1_224' title='bbox 491 3912 570 3986; x_wconf 71' lang='lat' dir='ltr'>ioris</span> <span class='ocrx_word' id='word_1_225' title='bbox 588 3936 617 3985; x_wconf 85' lang='lat' dir='ltr'>ad</span> <span class='ocrx_word' id='word_1_226' title='bbox 636 3948 810 3999; x_wconf 77' lang='lat' dir='ltr'>mrrossarsr,</span> <span class='ocrx_word' id='word_1_227' title='bbox 835 3937 1020 4005; x_wconf 69' lang='grc' dir='ltr'>περὶ-ἀέρων,</span> <span class='ocrx_word' id='word_1_228' title='bbox 1040 3935 1151 3988; x_wconf 73' lang='grc' dir='ltr'><strong><em>ὑδάτων</em></strong></span> <span class='ocrx_word' id='word_1_229' title='bbox 1173 3938 1222 3986; x_wconf 81' lang='lat' dir='ltr'>sot</span> <span class='ocrx_word' id='word_1_230' title='bbox 1244 3936 1331 3987; x_wconf 71' lang='grc' dir='ltr'><strong><em>τόπων</em></strong></span> 
     </span>
     <span class='ocr_line' id='line_1_31' title="bbox 344 4018 1331 4096; baseline 0.006 -23"><span class='ocrx_word' id='word_1_231' title='bbox 344 4025 449 4092; x_wconf 72' lang='lat' dir='ltr'>(Parisiis</span> <span class='ocrx_word' id='word_1_232' title='bbox 467 4032 555 4093; x_wconf 76' lang='lat'>180⁰),</span> <span class='ocrx_word' id='word_1_233' title='bbox 575 4047 598 4077; x_wconf 89' lang='lat' dir='ltr'>r.</span> <span class='ocrx_word' id='word_1_234' title='bbox 609 4018 634 4095; x_wconf 76' lang='lat'>1&#39;,</span> <span class='ocrx_word' id='word_1_235' title='bbox 652 4031 728 4081; x_wconf 75' lang='lat' dir='ltr'>Dirc.</span> <span class='ocrx_word' id='word_1_236' title='bbox 739 4030 843 4096; x_wconf 77' lang='lat' dir='ltr'>prdlr&#39;m.</span> <span class='ocrx_word' id='word_1_237' title='bbox 859 4046 914 4096; x_wconf 81' lang='lat' dir='ltr'>pag.</span> <span class='ocrx_word' id='word_1_238' title='bbox 925 4033 974 4079; x_wconf 69' lang='lat' dir='ltr'>nis</span> <span class='ocrx_word' id='word_1_239' title='bbox 986 4046 1022 4096; x_wconf 83' lang='lat' dir='ltr'>sq.</span> <span class='ocrx_word' id='word_1_240' title='bbox 1045 4030 1076 4080; x_wconf 85' lang='lat' dir='ltr'>V.</span> <span class='ocrx_word' id='word_1_241' title='bbox 1094 4045 1158 4081; x_wconf 83' lang='lat' dir='ltr'>cous.</span> <span class='ocrx_word' id='word_1_242' title='bbox 1173 4042 1197 4078; x_wconf 88' lang='lat' dir='ltr'>tt.</span> <span class='ocrx_word' id='word_1_243' title='bbox 1213 4045 1237 4081; x_wconf 80' lang='lat' dir='ltr'>u.</span> <span class='ocrx_word' id='word_1_244' title='bbox 1248 4035 1331 4079; x_wconf 64' lang='lat' dir='ltr'>moot-</span> 
     </span>
     <span class='ocr_line' id='line_1_32' title="bbox 344 4114 1331 4188; baseline 0 -20"><span class='ocrx_word' id='word_1_245' title='bbox 344 4128 435 4182; x_wconf 75' lang='lat' dir='ltr'>ttmt,</span> <span class='ocrx_word' id='word_1_246' title='bbox 452 4120 529 4172; x_wconf 74' lang='lat' dir='ltr'>Dios.</span> <span class='ocrx_word' id='word_1_247' title='bbox 543 4124 629 4186; x_wconf 66' lang='lat' dir='ltr'>inaug.</span> <span class='ocrx_word' id='word_1_248' title='bbox 646 4123 676 4171; x_wconf 83' lang='lat' dir='ltr'>ds</span> <span class='ocrx_word' id='word_1_249' title='bbox 695 4124 760 4172; x_wconf 73' lang='lat' dir='ltr'>coeli</span> <span class='ocrx_word' id='word_1_250' title='bbox 776 4124 806 4171; x_wconf 77' lang='lat' dir='ltr'>iu</span> <span class='ocrx_word' id='word_1_251' title='bbox 822 4114 921 4188; x_wconf 54' lang='lat' dir='ltr'>§mersi</span> <span class='ocrx_word' id='word_1_252' title='bbox 933 4124 1037 4173; x_wconf 75' lang='lat' dir='ltr'>lomoni</span> <span class='ocrx_word' id='word_1_253' title='bbox 1047 4125 1143 4173; x_wconf 70' lang='lat' dir='ltr'>esuum</span> <span class='ocrx_word' id='word_1_254' title='bbox 1158 4124 1186 4171; x_wconf 75' lang='grc' dir='ltr'>ω’</span> <span class='ocrx_word' id='word_1_255' title='bbox 1200 4137 1232 4172; x_wconf 84' lang='lat' dir='ltr'>oc</span> <span class='ocrx_word' id='word_1_256' title='bbox 1249 4128 1331 4186; x_wconf 79' lang='lat' dir='ltr'>potos·</span> 
     </span>
     <span class='ocr_line' id='line_1_33' title="bbox 345 4207 922 4279; baseline 0.014 -23"><span class='ocrx_word' id='word_1_257' title='bbox 345 4217 397 4258; x_wconf 78' lang='lat' dir='ltr'>tote</span> <span class='ocrx_word' id='word_1_258' title='bbox 412 4207 514 4277; x_wconf 80' lang='lat' dir='ltr'>(Lipsiae</span> <span class='ocrx_word' id='word_1_259' title='bbox 532 4209 624 4276; x_wconf 68' lang='lat'>182⁶),</span> <span class='ocrx_word' id='word_1_260' title='bbox 643 4226 698 4274; x_wconf 70' lang='lat' dir='ltr'>pag.</span> <span class='ocrx_word' id='word_1_261' title='bbox 715 4217 733 4262; x_wconf 86' lang='grc'><strong>8</strong></span> <span class='ocrx_word' id='word_1_262' title='bbox 749 4231 786 4279; x_wconf 83' lang='lat' dir='ltr'>sq.</span> <span class='ocrx_word' id='word_1_263' title='bbox 798 4216 841 4262; x_wconf 75' lang='grc'>26.</span> <span class='ocrx_word' id='word_1_264' title='bbox 919 4216 922 4221; x_wconf 76' lang='grc'><strong><em>’</em></strong></span> 
     </span>
    </p>
   </div>
   <div class='ocr_carea' id='block_1_4' title="bbox 0 0 1466 5042">
    <p class='ocr_par' dir='ltr' id='par_1_7' title="bbox 0 0 1466 5042">
     <span class='ocr_line' id='line_1_34' title="bbox 0 0 1466 5042; baseline 0 0"><span class='ocrx_word' id='word_1_265' title='bbox 0 0 1466 5042; x_wconf 95' lang='lat' dir='ltr'> </span> 
     </span>
    </p>
   </div>
  </div>
 </body>
</html>
