<?xml version="1.0" encoding="UTF-8"?>
<!DOCTYPE html PUBLIC "-//W3C//DTD XHTML 1.0 Transitional//EN"
    "http://www.w3.org/TR/xhtml1/DTD/xhtml1-transitional.dtd">
<html xmlns="http://www.w3.org/1999/xhtml" xml:lang="en" lang="en">
 <head>
  <title>
</title>
<meta http-equiv="Content-Type" content="text/html;charset=utf-8" />
  <meta name='ocr-system' content='tesseract 3.04.00' />
  <meta name='ocr-capabilities' content='ocr_page ocr_carea ocr_par ocr_line ocrx_word'/>
</head>
<body>
  <div class='ocr_page' id='page_1' title='image "./speciminisinaug00heemgoog_0198.png"; bbox 0 0 2892 5042; ppageno 0'>
   <div class='ocr_carea' id='block_1_1' title="bbox 260 668 1389 3444">
    <p class='ocr_par' dir='ltr' id='par_1_1' title="bbox 260 668 1389 2107">
     <span class='ocr_line' id='line_1_1' title="bbox 341 668 1330 761; baseline -0.013 -15"><span class='ocrx_word' id='word_1_1' title='bbox 341 680 422 746; x_wconf 79' lang='lat' dir='ltr'><strong>bliea</strong></span> <span class='ocrx_word' id='word_1_2' title='bbox 450 677 614 744; x_wconf 80' lang='lat' dir='ltr'><strong>commoda</strong></span> <span class='ocrx_word' id='word_1_3' title='bbox 642 675 854 742; x_wconf 83' lang='lat' dir='ltr'><strong>adhibendum</strong></span> <span class='ocrx_word' id='word_1_4' title='bbox 874 672 1034 761; x_wconf 78' lang='lat' dir='ltr'><strong>quodlibet</strong></span> <span class='ocrx_word' id='word_1_5' title='bbox 1055 672 1213 757; x_wconf 78' lang='lat' dir='ltr'><strong>regimen,</strong></span> <span class='ocrx_word' id='word_1_6' title='bbox 1246 668 1330 755; x_wconf 83' lang='lat' dir='ltr'><strong>qnod</strong></span> 
     </span>
     <span class='ocr_line' id='line_1_2' title="bbox 344 782 1331 876; baseline -0.01 -22"><span class='ocrx_word' id='word_1_7' title='bbox 344 791 403 855; x_wconf 85' lang='lat' dir='ltr'><strong>rite</strong></span> <span class='ocrx_word' id='word_1_8' title='bbox 421 790 489 855; x_wconf 90' lang='lat' dir='ltr'><strong>lieri</strong></span> <span class='ocrx_word' id='word_1_9' title='bbox 510 812 599 876; x_wconf 86' lang='lat' dir='ltr'><strong>posse</strong></span> <span class='ocrx_word' id='word_1_10' title='bbox 618 799 732 874; x_wconf 80' lang='lat' dir='ltr'><strong>negat,</strong></span> <span class='ocrx_word' id='word_1_11' title='bbox 755 790 814 851; x_wconf 87' lang='lat' dir='ltr'><strong>nisi</strong></span> <span class='ocrx_word' id='word_1_12' title='bbox 833 796 996 850; x_wconf 82' lang='lat' dir='ltr'><strong>serventur</strong></span> <span class='ocrx_word' id='word_1_13' title='bbox 1014 782 1213 869; x_wconf 77' lang='lat' dir='ltr'><strong>singulorum</strong></span> <span class='ocrx_word' id='word_1_14' title='bbox 1228 786 1331 872; x_wconf 71' lang='lat' dir='ltr'><strong>perir·</strong></span> 
     </span>
     <span class='ocr_line' id='line_1_3' title="bbox 341 893 1333 993; baseline -0.013 -23"><span class='ocrx_word' id='word_1_15' title='bbox 341 908 459 993; x_wconf 66' lang='lat' dir='ltr'><strong>nepio..</strong></span> <span class='ocrx_word' id='word_1_16' title='bbox 491 904 558 967; x_wconf 87' lang='lat' dir='ltr'><strong>Hoc</strong></span> <span class='ocrx_word' id='word_1_17' title='bbox 590 902 718 965; x_wconf 88' lang='lat' dir='ltr'><strong>nomine</strong></span> <span class='ocrx_word' id='word_1_18' title='bbox 745 901 864 963; x_wconf 79' lang='lat' dir='ltr'><strong>Auctor</strong></span> <span class='ocrx_word' id='word_1_19' title='bbox 897 895 1048 983; x_wconf 81' lang='lat' dir='ltr'><strong>intelligit</strong></span> <span class='ocrx_word' id='word_1_20' title='bbox 1076 893 1241 959; x_wconf 89' lang='lat' dir='ltr'><strong>hominurn</strong></span> <span class='ocrx_word' id='word_1_21' title='bbox 1276 894 1333 958; x_wconf 85' lang='lat' dir='ltr'><strong>ed·</strong></span> 
     </span>
     <span class='ocr_line' id='line_1_4' title="bbox 341 1006 1333 1099; baseline -0.008 -22"><span class='ocrx_word' id='word_1_22' title='bbox 341 1016 461 1091; x_wconf 73' lang='lat' dir='ltr'><strong>lectus,</strong></span> <span class='ocrx_word' id='word_1_23' title='bbox 495 1035 574 1099; x_wconf 85' lang='lat' dir='ltr'><strong>ques</strong></span> <span class='ocrx_word' id='word_1_24' title='bbox 601 1011 763 1077; x_wconf 82' lang='lat' dir='ltr'><strong>excitando</strong></span> <span class='ocrx_word' id='word_1_25' title='bbox 788 1011 907 1096; x_wconf 88' lang='lat' dir='ltr'><strong>optime</strong></span> <span class='ocrx_word' id='word_1_26' title='bbox 927 1007 1084 1094; x_wconf 82' lang='lat' dir='ltr'><strong>proposita</strong></span> <span class='ocrx_word' id='word_1_27' title='bbox 1103 1029 1159 1071; x_wconf 89' lang='lat' dir='ltr'><strong>sua</strong></span> <span class='ocrx_word' id='word_1_28' title='bbox 1178 1006 1333 1070; x_wconf 83' lang='lat' dir='ltr'><strong>adfinem</strong></span> 
     </span>
     <span class='ocr_line' id='line_1_5' title="bbox 260 1117 1332 1212; baseline -0.012 -19"><span class='ocrx_word' id='word_1_29' title='bbox 260 1139 265 1146; x_wconf 83' lang='lat'>&#39;</span> <span class='ocrx_word' id='word_1_30' title='bbox 340 1127 492 1211; x_wconf 81' lang='lat' dir='ltr'><strong>perducat</strong></span> <span class='ocrx_word' id='word_1_31' title='bbox 514 1125 689 1212; x_wconf 82' lang='lat' dir='ltr'><strong>legislator,</strong></span> <span class='ocrx_word' id='word_1_32' title='bbox 723 1134 755 1187; x_wconf 91' lang='lat' dir='ltr'><strong>et</strong></span> <span class='ocrx_word' id='word_1_33' title='bbox 782 1124 845 1207; x_wconf 80' lang='lat' dir='ltr'><strong>quo</strong></span> <span class='ocrx_word' id='word_1_34' title='bbox 870 1119 1026 1184; x_wconf 83' lang='lat' dir='ltr'><strong>referendi</strong></span> <span class='ocrx_word' id='word_1_35' title='bbox 1053 1118 1115 1182; x_wconf 85' lang='lat' dir='ltr'><strong>sint</strong></span> <span class='ocrx_word' id='word_1_36' title='bbox 1136 1140 1241 1182; x_wconf 85' lang='lat' dir='ltr'><strong>omnes</strong></span> <span class='ocrx_word' id='word_1_37' title='bbox 1264 1117 1332 1181; x_wconf 89' lang='lat' dir='ltr'><strong>im·—</strong></span> 
     </span>
     <span class='ocr_line' id='line_1_6' title="bbox 342 1230 1334 1323; baseline -0.011 -20"><span class='ocrx_word' id='word_1_38' title='bbox 342 1241 524 1323; x_wconf 88' lang='lat' dir='ltr'><strong>perantium</strong></span> <span class='ocrx_word' id='word_1_39' title='bbox 557 1239 663 1314; x_wconf 65' lang='lat' dir='ltr'><strong>actm,</strong></span> <span class='ocrx_word' id='word_1_40' title='bbox 696 1234 849 1321; x_wconf 88' lang='lat' dir='ltr'><strong>quamdiu</strong></span> <span class='ocrx_word' id='word_1_41' title='bbox 887 1233 1028 1319; x_wconf 80' lang='lat' dir='ltr'><strong>regimen</strong></span> <span class='ocrx_word' id='word_1_42' title='bbox 1060 1230 1142 1294; x_wconf 90' lang='lat' dir='ltr'><strong>illud</strong></span> <span class='ocrx_word' id='word_1_43' title='bbox 1172 1230 1334 1294; x_wconf 83' lang='lat' dir='ltr'><strong>incolume</strong></span> 
     </span>
     <span class='ocr_line' id='line_1_7' title="bbox 342 1342 1333 1438; baseline -0.008 -24"><span class='ocrx_word' id='word_1_44' title='bbox 342 1361 485 1416; x_wconf 86' lang='lat' dir='ltr'><strong>servetur</strong></span> <span class='ocrx_word' id='word_1_45' title='bbox 504 1349 563 1438; x_wconf 81' lang='lat'><strong>(1).</strong></span> <span class='ocrx_word' id='word_1_46' title='bbox 592 1348 669 1414; x_wconf 90' lang='lat' dir='ltr'><strong>lnde</strong></span> <span class='ocrx_word' id='word_1_47' title='bbox 690 1358 830 1434; x_wconf 84' lang='lat' dir='ltr'><strong>apparet,</strong></span> <span class='ocrx_word' id='word_1_48' title='bbox 849 1344 1045 1430; x_wconf 85' lang='lat' dir='ltr'><strong>principium</strong></span> <span class='ocrx_word' id='word_1_49' title='bbox 1058 1343 1178 1408; x_wconf 80' lang='lat' dir='ltr'><strong>formae</strong></span> <span class='ocrx_word' id='word_1_50' title='bbox 1196 1342 1333 1406; x_wconf 86' lang='lat' dir='ltr'><strong>multdm</strong></span> 
     </span>
     <span class='ocr_line' id='line_1_8' title="bbox 342 1456 1334 1546; baseline -0.008 -18"><span class='ocrx_word' id='word_1_51' title='bbox 342 1456 1334 1546; x_wconf 69' lang='lat' dir='ltr'><strong>differreabejusdemnaturdvelessential,quippequaespnnte</strong></span> 
     </span>
     <span class='ocr_line' id='line_1_9' title="bbox 342 1565 1333 1653; baseline -0.01 -14"><span class='ocrx_word' id='word_1_52' title='bbox 342 1576 448 1640; x_wconf 81' lang='lat' dir='ltr'><strong>adesse</strong></span> <span class='ocrx_word' id='word_1_53' title='bbox 461 1575 598 1650; x_wconf 86' lang='lat' dir='ltr'><strong>dicatur,</strong></span> <span class='ocrx_word' id='word_1_54' title='bbox 620 1571 752 1636; x_wconf 86' lang='lat' dir='ltr'><strong>simulac</strong></span> <span class='ocrx_word' id='word_1_55' title='bbox 761 1569 823 1634; x_wconf 88' lang='lat' dir='ltr'><strong>hoo</strong></span> <span class='ocrx_word' id='word_1_56' title='bbox 834 1568 886 1634; x_wconf 81' lang='lat' dir='ltr'><strong>vel</strong></span> <span class='ocrx_word' id='word_1_57' title='bbox 902 1567 984 1631; x_wconf 92' lang='lat' dir='ltr'><strong>illud</strong></span> <span class='ocrx_word' id='word_1_58' title='bbox 995 1566 1137 1653; x_wconf 84' lang='lat' dir='ltr'><strong>regimen</strong></span> <span class='ocrx_word' id='word_1_59' title='bbox 1155 1565 1191 1630; x_wconf 92' lang='lat' dir='ltr'><strong>in</strong></span> <span class='ocrx_word' id='word_1_60' title='bbox 1209 1566 1333 1631; x_wconf 68' lang='lat' dir='ltr'><strong>eivitaoe</strong></span> 
     </span>
     <span class='ocr_line' id='line_1_10' title="bbox 339 1677 1332 1768; baseline -0.009 -20"><span class='ocrx_word' id='word_1_61' title='bbox 339 1687 548 1750; x_wconf 75' lang='lat' dir='ltr'><strong>coustitutum</strong></span> <span class='ocrx_word' id='word_1_62' title='bbox 565 1683 672 1747; x_wconf 80' lang='lat' dir='ltr'><strong>luerit.</strong></span> <span class='ocrx_word' id='word_1_63' title='bbox 705 1682 889 1765; x_wconf 79' lang='lat' dir='ltr'>Complures</span> <span class='ocrx_word' id='word_1_64' title='bbox 901 1679 935 1744; x_wconf 88' lang='lat' dir='ltr'><strong>id</strong></span> <span class='ocrx_word' id='word_1_65' title='bbox 951 1681 1065 1743; x_wconf 82' lang='lat' dir='ltr'><strong>eximie</strong></span> <span class='ocrx_word' id='word_1_66' title='bbox 1083 1677 1171 1743; x_wconf 88' lang='lat' dir='ltr'><strong>laudi</strong></span> <span class='ocrx_word' id='word_1_67' title='bbox 1188 1678 1332 1768; x_wconf 83' lang='lat' dir='ltr'><strong>tribqunt</strong></span> 
     </span>
     <span class='ocr_line' id='line_1_11' title="bbox 339 1791 1389 1879; baseline -0.01 -16"><span class='ocrx_word' id='word_1_68' title='bbox 339 1793 697 1879; x_wconf 67' lang='lat' dir='ltr'><strong>uonrmon1v10,quod</strong></span> <span class='ocrx_word' id='word_1_69' title='bbox 712 1792 795 1857; x_wconf 88' lang='lat' dir='ltr'><strong>hano</strong></span> <span class='ocrx_word' id='word_1_70' title='bbox 810 1792 987 1856; x_wconf 83' lang='lat' dir='ltr'><strong>doctrinam</strong></span> <span class='ocrx_word' id='word_1_71' title='bbox 1005 1791 1045 1855; x_wconf 89' lang='lat' dir='ltr'><strong>de</strong></span> <span class='ocrx_word' id='word_1_72' title='bbox 1054 1794 1245 1879; x_wconf 66' lang='lat' dir='ltr'><strong>prieserpr&#39;ie</strong></span> <span class='ocrx_word' id='word_1_73' title='bbox 1259 1791 1334 1855; x_wconf 84' lang='lat' dir='ltr'><strong>edm</strong></span> <span class='ocrx_word' id='word_1_74' title='bbox 1386 1817 1389 1824; x_wconf 92' lang='grc'>·</span> 
     </span>
     <span class='ocr_line' id='line_1_12' title="bbox 338 1903 1334 1992; baseline -0.007 -20"><span class='ocrx_word' id='word_1_75' title='bbox 338 1910 516 1987; x_wconf 84' lang='lat' dir='ltr'><strong>invenerit,</strong></span> <span class='ocrx_word' id='word_1_76' title='bbox 540 1909 609 1972; x_wconf 87' lang='lat' dir='ltr'><strong>tdm</strong></span> <span class='ocrx_word' id='word_1_77' title='bbox 629 1905 799 1972; x_wconf 78' lang='lat' dir='ltr'><strong>excoluerit</strong></span> <span class='ocrx_word' id='word_1_78' title='bbox 817 1903 877 1992; x_wconf 79' lang='lat'><strong>(2).</strong></span> <span class='ocrx_word' id='word_1_79' title='bbox 907 1906 973 1970; x_wconf 86' lang='lat' dir='ltr'><strong>Nee</strong></span> <span class='ocrx_word' id='word_1_80' title='bbox 994 1915 1090 1989; x_wconf 85' lang='lat' dir='ltr'><strong>puto,</strong></span> <span class='ocrx_word' id='word_1_81' title='bbox 1111 1925 1182 1969; x_wconf 84' lang='lat' dir='ltr'><strong>eam</strong></span> <span class='ocrx_word' id='word_1_82' title='bbox 1204 1903 1334 1987; x_wconf 87' lang='lat' dir='ltr'><strong>reperiri</strong></span> 
     </span>
     <span class='ocr_line' id='line_1_13' title="bbox 345 2018 1015 2107; baseline -0.006 -21"><span class='ocrx_word' id='word_1_83' title='bbox 345 2022 430 2107; x_wconf 92' lang='lat' dir='ltr'><strong>apud</strong></span> <span class='ocrx_word' id='word_1_84' title='bbox 450 2022 586 2105; x_wconf 81' lang='lat' dir='ltr'><strong>priorem</strong></span> <span class='ocrx_word' id='word_1_85' title='bbox 608 2019 774 2102; x_wconf 81' lang='lat' dir='ltr'><strong>politicum</strong></span> <span class='ocrx_word' id='word_1_86' title='bbox 796 2018 965 2102; x_wconf 78' lang='lat' dir='ltr'><strong>quendam,</strong></span> <span class='ocrx_word' id='word_1_87' title='bbox 1012 2074 1015 2082; x_wconf 91' lang='lat'>.</span> 
     </span>
    </p>

    <p class='ocr_par' dir='ltr' id='par_1_2' title="bbox 335 2128 1335 2648">
     <span class='ocr_line' id='line_1_14' title="bbox 387 2128 1335 2216; baseline -0.004 -21"><span class='ocrx_word' id='word_1_88' title='bbox 387 2134 504 2196; x_wconf 88' lang='lat' dir='ltr'><strong>Notum</strong></span> <span class='ocrx_word' id='word_1_89' title='bbox 523 2142 630 2195; x_wconf 89' lang='lat' dir='ltr'><strong>autem</strong></span> <span class='ocrx_word' id='word_1_90' title='bbox 650 2142 714 2208; x_wconf 89' lang='lat' dir='ltr'><strong>est,</strong></span> <span class='ocrx_word' id='word_1_91' title='bbox 738 2133 840 2215; x_wconf 91' lang='lat' dir='ltr'><strong>ipsum</strong></span> <span class='ocrx_word' id='word_1_92' title='bbox 856 2132 903 2208; x_wconf 72' lang='lat' dir='ltr'><strong>(L.</strong></span> <span class='ocrx_word' id='word_1_93' title='bbox 919 2128 977 2216; x_wconf 92' lang='lat'><em>111)</em></span> <span class='ocrx_word' id='word_1_94' title='bbox 999 2129 1194 2214; x_wconf 82' lang='lat' dir='ltr'><strong>reipublicae</strong></span> <span class='ocrx_word' id='word_1_95' title='bbox 1215 2128 1335 2192; x_wconf 82' lang='lat' dir='ltr'><strong>liberae</strong></span> 
     </span>
     <span class='ocr_line' id='line_1_15' title="bbox 336 2240 1335 2328; baseline -0.004 -22"><span class='ocrx_word' id='word_1_96' title='bbox 336 2246 492 2307; x_wconf 81' lang='lat' dir='ltr'><strong>universe</strong></span> <span class='ocrx_word' id='word_1_97' title='bbox 519 2245 690 2307; x_wconf 79' lang='lat' dir='ltr'><strong>virtutem.</strong></span> <span class='ocrx_word' id='word_1_98' title='bbox 711 2242 851 2306; x_wconf 84' lang='lat' dir='ltr'><strong>tribuere</strong></span> <span class='ocrx_word' id='word_1_99' title='bbox 874 2245 972 2328; x_wconf 88' lang='lat' dir='ltr'><strong>(quae</strong></span> <span class='ocrx_word' id='word_1_100' title='bbox 999 2241 1033 2305; x_wconf 89' lang='lat' dir='ltr'><strong>in</strong></span> <span class='ocrx_word' id='word_1_101' title='bbox 1059 2241 1253 2306; x_wconf 77' lang='lat' dir='ltr'><strong>aristocratid</strong></span> <span class='ocrx_word' id='word_1_102' title='bbox 1273 2240 1335 2305; x_wconf 88' lang='lat' dir='ltr'><strong>alio</strong></span> 
     </span>
     <span class='ocr_line' id='line_1_16' title="bbox 339 2350 1335 2441; baseline -0.002 -23"><span class='ocrx_word' id='word_1_103' title='bbox 339 2354 472 2426; x_wconf 83' lang='lat' dir='ltr'><strong>nomine</strong></span> <span class='ocrx_word' id='word_1_104' title='bbox 489 2353 673 2420; x_wconf 80' lang='lat' dir='ltr'><strong>moderatio</strong></span> <span class='ocrx_word' id='word_1_105' title='bbox 688 2350 836 2441; x_wconf 82' lang='lat' dir='ltr'><strong>dicatur),</strong></span> <span class='ocrx_word' id='word_1_106' title='bbox 859 2352 1058 2420; x_wconf 83' lang='lat' dir='ltr'><strong>monarnhiae</strong></span> <span class='ocrx_word' id='word_1_107' title='bbox 1080 2354 1243 2430; x_wconf 78' lang='lat' dir='ltr'><strong>honorem,</strong></span> <span class='ocrx_word' id='word_1_108' title='bbox 1262 2352 1335 2417; x_wconf 84' lang='lat' dir='ltr'><strong>des-</strong></span> 
     </span>
     <span class='ocr_line' id='line_1_17' title="bbox 335 2465 1334 2554; baseline -0.003 -20"><span class='ocrx_word' id='word_1_109' title='bbox 335 2468 450 2554; x_wconf 86' lang='lat' dir='ltr'><strong>potioo</strong></span> <span class='ocrx_word' id='word_1_110' title='bbox 470 2488 568 2554; x_wconf 80' lang='lat' dir='ltr'><strong>regno</strong></span> <span class='ocrx_word' id='word_1_111' title='bbox 588 2475 717 2533; x_wconf 84' lang='lat' dir='ltr'><strong>metum.</strong></span> <span class='ocrx_word' id='word_1_112' title='bbox 752 2467 869 2534; x_wconf 80' lang='lat' dir='ltr'><strong>Omnes</strong></span> <span class='ocrx_word' id='word_1_113' title='bbox 884 2465 944 2531; x_wconf 87' lang='lat' dir='ltr'><strong>hae</strong></span> <span class='ocrx_word' id='word_1_114' title='bbox 964 2466 1153 2543; x_wconf 87' lang='lat' dir='ltr'><strong>sententiae,</strong></span> <span class='ocrx_word' id='word_1_115' title='bbox 1177 2468 1225 2530; x_wconf 90' lang='lat' dir='ltr'><strong>uti</strong></span> <span class='ocrx_word' id='word_1_116' title='bbox 1242 2487 1271 2531; x_wconf 83' lang='lat' dir='ltr'><strong>r.</strong></span> <span class='ocrx_word' id='word_1_117' title='bbox 1288 2468 1334 2531; x_wconf 86' lang='lat' dir='ltr'><strong>el.</strong></span> 
     </span>
     <span class='ocr_line' id='line_1_18' title="bbox 337 2578 1258 2648; baseline -0.002 -2"><span class='ocrx_word' id='word_1_118' title='bbox 337 2593 470 2647; x_wconf 74' lang='lat' dir='ltr'><strong>Lunensis</strong></span> <span class='ocrx_word' id='word_1_119' title='bbox 493 2581 514 2646; x_wconf 90' lang='lat' dir='ltr'><strong>l.</strong></span> <span class='ocrx_word' id='word_1_120' title='bbox 535 2604 562 2647; x_wconf 86' lang='lat' dir='ltr'><strong>c.</strong></span> <span class='ocrx_word' id='word_1_121' title='bbox 582 2581 642 2646; x_wconf 86' lang='lat' dir='ltr'><strong>ait:</strong></span> <span class='ocrx_word' id='word_1_122' title='bbox 667 2591 886 2645; x_wconf 79' lang='lat' dir='ltr'><strong>»excreverant</strong></span> <span class='ocrx_word' id='word_1_123' title='bbox 900 2602 938 2643; x_wconf 78' lang='lat' dir='ltr'><strong>ex</strong></span> <span class='ocrx_word' id='word_1_124' title='bbox 957 2579 1102 2648; x_wconf 79' lang='lat' dir='ltr'><strong>historiae</strong></span> <span class='ocrx_word' id='word_1_125' title='bbox 1121 2578 1258 2644; x_wconf 83' lang='lat' dir='ltr'><strong>studio.”</strong></span> 
     </span>
    </p>

    <p class='ocr_par' dir='ltr' id='par_1_3' title="bbox 334 2694 1335 3444">
     <span class='ocr_line' id='line_1_19' title="bbox 334 2694 1334 2780; baseline 0.004 -28"><span class='ocrx_word' id='word_1_126' title='bbox 334 2743 342 2752; x_wconf 91' lang='lat'><strong>.</strong></span> <span class='ocrx_word' id='word_1_127' title='bbox 374 2695 431 2757; x_wconf 81' lang='lat' dir='ltr'><strong>..V</strong></span> <span class='ocrx_word' id='word_1_128' title='bbox 429 2699 518 2757; x_wconf 75' lang='lat' dir='ltr'><strong>irtus</strong></span> <span class='ocrx_word' id='word_1_129' title='bbox 539 2695 623 2758; x_wconf 91' lang='lat' dir='ltr'><strong>enim</strong></span> <span class='ocrx_word' id='word_1_130' title='bbox 643 2694 743 2759; x_wconf 80' lang='lat' dir='ltr'><strong>civilis</strong></span> <span class='ocrx_word' id='word_1_131' title='bbox 759 2705 804 2757; x_wconf 85' lang='lat' dir='ltr'><strong>est</strong></span> <span class='ocrx_word' id='word_1_132' title='bbox 823 2694 876 2763; x_wconf 87' lang='lat' dir='ltr'><strong>illa</strong></span> <span class='ocrx_word' id='word_1_133' title='bbox 894 2694 1097 2778; x_wconf 85' lang='lat' dir='ltr'><strong>antiquorum</strong></span> <span class='ocrx_word' id='word_1_134' title='bbox 1111 2694 1253 2780; x_wconf 86' lang='lat' dir='ltr'><strong>propria,</strong></span> <span class='ocrx_word' id='word_1_135' title='bbox 1270 2696 1334 2779; x_wconf 78' lang='lat' dir='ltr'><strong>qual</strong></span> 
     </span>
     <span class='ocr_line' id='line_1_20' title="bbox 346 2782 1334 2890; baseline 0.003 -23"><span class='ocrx_word' id='word_1_136' title='bbox 346 2806 578 2890; x_wconf 85' lang='lat' dir='ltr'><strong>instigabantur</strong></span> <span class='ocrx_word' id='word_1_137' title='bbox 589 2782 691 2881; x_wconf 82' lang='lat' dir='ltr'><strong>cives,</strong></span> <span class='ocrx_word' id='word_1_138' title='bbox 715 2814 752 2867; x_wconf 92' lang='lat' dir='ltr'><strong>ut</strong></span> <span class='ocrx_word' id='word_1_139' title='bbox 774 2808 909 2889; x_wconf 87' lang='lat' dir='ltr'><strong>patriam</strong></span> <span class='ocrx_word' id='word_1_140' title='bbox 929 2806 1074 2870; x_wconf 84' lang='lat' dir='ltr'><strong>omnibus</strong></span> <span class='ocrx_word' id='word_1_141' title='bbox 1093 2817 1334 2890; x_wconf 79' lang='lat' dir='ltr'><strong>anteponerent,</strong></span> 
     </span>
     <span class='ocr_line' id='line_1_21' title="bbox 347 2915 1335 3004; baseline 0.002 -24"><span class='ocrx_word' id='word_1_142' title='bbox 347 2936 407 2980; x_wconf 87' lang='lat' dir='ltr'><strong>nee</strong></span> <span class='ocrx_word' id='word_1_143' title='bbox 439 2936 580 3001; x_wconf 89' lang='lat' dir='ltr'><strong>unquam</strong></span> <span class='ocrx_word' id='word_1_144' title='bbox 607 2937 700 2979; x_wconf 90' lang='lat' dir='ltr'><strong>suum</strong></span> <span class='ocrx_word' id='word_1_145' title='bbox 731 2915 931 2981; x_wconf 88' lang='lat' dir='ltr'><strong>commodum</strong></span> <span class='ocrx_word' id='word_1_146' title='bbox 962 2919 1154 3003; x_wconf 86' lang='lat' dir='ltr'><strong>respicerent</strong></span> <span class='ocrx_word' id='word_1_147' title='bbox 1177 2941 1195 2982; x_wconf 89' lang='lat' dir='ltr'><strong>a</strong></span> <span class='ocrx_word' id='word_1_148' title='bbox 1215 2918 1335 3004; x_wconf 87' lang='lat' dir='ltr'><strong>patriae</strong></span> 
     </span>
     <span class='ocr_line' id='line_1_22' title="bbox 345 3026 1335 3115; baseline 0.005 -23"><span class='ocrx_word' id='word_1_149' title='bbox 345 3028 430 3092; x_wconf 86' lang='lat' dir='ltr'><strong>bono</strong></span> <span class='ocrx_word' id='word_1_150' title='bbox 441 3026 646 3105; x_wconf 80' lang='lat' dir='ltr'><strong>distinctum,</strong></span> <span class='ocrx_word' id='word_1_151' title='bbox 661 3028 703 3093; x_wconf 87' lang='lat' dir='ltr'><strong>ita</strong></span> <span class='ocrx_word' id='word_1_152' title='bbox 716 3039 753 3091; x_wconf 90' lang='lat' dir='ltr'><strong>ut</strong></span> <span class='ocrx_word' id='word_1_153' title='bbox 763 3027 824 3093; x_wconf 79' lang='lat' dir='ltr'><strong>vital</strong></span> <span class='ocrx_word' id='word_1_154' title='bbox 834 3030 933 3115; x_wconf 85' lang='lat' dir='ltr'><strong>magis</strong></span> <span class='ocrx_word' id='word_1_155' title='bbox 945 3030 1089 3113; x_wconf 73' lang='lat' dir='ltr'><strong>publici,</strong></span> <span class='ocrx_word' id='word_1_156' title='bbox 1109 3051 1206 3115; x_wconf 89' lang='lat' dir='ltr'><strong>quam</strong></span> <span class='ocrx_word' id='word_1_157' title='bbox 1216 3030 1335 3115; x_wconf 74' lang='lat' dir='ltr'><strong>privati</strong></span> 
     </span>
     <span class='ocr_line' id='line_1_23' title="bbox 338 3142 1334 3229; baseline 0.003 -24"><span class='ocrx_word' id='word_1_158' title='bbox 338 3142 493 3208; x_wconf 48' lang='lat' dir='ltr'><strong>»viverent</strong></span> <span class='ocrx_word' id='word_1_159' title='bbox 522 3143 796 3222; x_wconf 72' lang='lat' dir='ltr'><strong>Monaesenrvrns,</strong></span> <span class='ocrx_word' id='word_1_160' title='bbox 820 3165 921 3229; x_wconf 89' lang='lat' dir='ltr'><strong>quum</strong></span> <span class='ocrx_word' id='word_1_161' title='bbox 941 3144 1144 3228; x_wconf 75' lang='lat' dir='ltr'><strong>explicuerat,</strong></span> <span class='ocrx_word' id='word_1_162' title='bbox 1167 3163 1267 3229; x_wconf 84' lang='lat' dir='ltr'><strong>quam</strong></span> <span class='ocrx_word' id='word_1_163' title='bbox 1278 3166 1334 3208; x_wconf 82' lang='lat' dir='ltr'><strong>sa·</strong></span> 
     </span>
     <span class='ocr_line' id='line_1_24' title="bbox 346 3255 1335 3341; baseline 0.002 -22"><span class='ocrx_word' id='word_1_164' title='bbox 346 3255 456 3320; x_wconf 89' lang='lat' dir='ltr'><strong>lutaris</strong></span> <span class='ocrx_word' id='word_1_165' title='bbox 479 3267 510 3319; x_wconf 88' lang='lat' dir='ltr'><strong>et</strong></span> <span class='ocrx_word' id='word_1_166' title='bbox 532 3268 693 3341; x_wconf 88' lang='lat' dir='ltr'><strong>praestans</strong></span> <span class='ocrx_word' id='word_1_167' title='bbox 717 3257 755 3319; x_wconf 90' lang='lat' dir='ltr'><strong>sit</strong></span> <span class='ocrx_word' id='word_1_168' title='bbox 773 3257 852 3322; x_wconf 83' lang='lat' dir='ltr'><strong>haee</strong></span> <span class='ocrx_word' id='word_1_169' title='bbox 870 3256 1007 3332; x_wconf 88' lang='lat' dir='ltr'><strong>indoles,</strong></span> <span class='ocrx_word' id='word_1_170' title='bbox 1030 3255 1181 3333; x_wconf 88' lang='lat' dir='ltr'><strong>ostendit,</strong></span> <span class='ocrx_word' id='word_1_171' title='bbox 1207 3256 1271 3341; x_wconf 72' lang='lat' dir='ltr'><strong>qul</strong></span> <span class='ocrx_word' id='word_1_172' title='bbox 1284 3275 1335 3321; x_wconf 85' lang='lat' dir='ltr'><strong>ra·</strong></span> 
     </span>
     <span class='ocr_line' id='line_1_25' title="bbox 339 3349 1335 3444; baseline 0.003 -14"><span class='ocrx_word' id='word_1_173' title='bbox 339 3360 431 3444; x_wconf 79' lang='lat' dir='ltr'><strong>¹tione</strong></span> <span class='ocrx_word' id='word_1_174' title='bbox 447 3382 520 3433; x_wconf 86' lang='lat' dir='ltr'><strong>eum</strong></span> <span class='ocrx_word' id='word_1_175' title='bbox 536 3371 570 3434; x_wconf 89' lang='lat' dir='ltr'><strong>in</strong></span> <span class='ocrx_word' id='word_1_176' title='bbox 589 3370 685 3434; x_wconf 90' lang='lat' dir='ltr'><strong>finem</strong></span> <span class='ocrx_word' id='word_1_177' title='bbox 695 3365 896 3433; x_wconf 77' lang='lat' dir='ltr'><strong>¹tetenderint</strong></span> <span class='ocrx_word' id='word_1_178' title='bbox 915 3371 1106 3435; x_wconf 85' lang='lat' dir='ltr'><strong>Graecorum</strong></span> <span class='ocrx_word' id='word_1_179' title='bbox 1128 3380 1160 3432; x_wconf 89' lang='lat' dir='ltr'><strong>et</strong></span> <span class='ocrx_word' id='word_1_180' title='bbox 1176 3349 1335 3434; x_wconf 85' lang='lat' dir='ltr'><strong>Romano-</strong></span> 
     </span>
    </p>
   </div>
   <div class='ocr_carea' id='block_1_2' title="bbox 335 3598 1333 3852">
    <p class='ocr_par' dir='ltr' id='par_1_4' title="bbox 335 3598 1333 3852">
     <span class='ocr_line' id='line_1_26' title="bbox 380 3598 1312 3667; baseline 0.002 -19"><span class='ocrx_word' id='word_1_181' title='bbox 380 3598 419 3666; x_wconf 85' lang='lat' dir='ltr'><strong>(l)</strong></span> <span class='ocrx_word' id='word_1_182' title='bbox 437 3602 471 3649; x_wconf 85' lang='grc' dir='ltr'><strong>Ε.</strong></span> <span class='ocrx_word' id='word_1_183' title='bbox 489 3600 514 3648; x_wconf 83' lang='lat' dir='ltr'><strong>d.</strong></span> <span class='ocrx_word' id='word_1_184' title='bbox 533 3599 562 3650; x_wconf 78' lang='lat' dir='ltr'><strong>L.</strong></span> <span class='ocrx_word' id='word_1_185' title='bbox 580 3600 626 3649; x_wconf 88' lang='lat'>111.</span> <span class='ocrx_word' id='word_1_186' title='bbox 646 3604 658 3648; x_wconf 89' lang='lat' dir='ltr'><strong>l</strong></span> <span class='ocrx_word' id='word_1_187' title='bbox 677 3618 730 3667; x_wconf 79' lang='lat' dir='ltr'><strong>sqq.</strong></span> <span class='ocrx_word' id='word_1_188' title='bbox 1299 3633 1312 3650; x_wconf 67' lang='lat'>0</span> 
     </span>
     <span class='ocr_line' id='line_1_27' title="bbox 335 3689 1333 3767; baseline 0.003 -28"><span class='ocrx_word' id='word_1_189' title='bbox 335 3739 338 3743; x_wconf 88' lang='grc'>,</span> <span class='ocrx_word' id='word_1_190' title='bbox 377 3689 418 3760; x_wconf 74' lang='grc'><strong>(2)</strong></span> <span class='ocrx_word' id='word_1_191' title='bbox 433 3692 596 3758; x_wconf 76' lang='lat' dir='ltr'><strong>laurearum,</strong></span> <span class='ocrx_word' id='word_1_192' title='bbox 613 3693 712 3757; x_wconf 74' lang='lat' dir='ltr'><strong>Elopo,</strong></span> <span class='ocrx_word' id='word_1_193' title='bbox 730 3709 784 3758; x_wconf 81' lang='lat' dir='ltr'><strong>pag.</strong></span> <span class='ocrx_word' id='word_1_194' title='bbox 798 3694 841 3743; x_wconf 75' lang='grc'><strong>19.</strong></span> <span class='ocrx_word' id='word_1_195' title='bbox 867 3695 926 3743; x_wconf 79' lang='lat' dir='ltr'><strong>lton</strong></span> <span class='ocrx_word' id='word_1_196' title='bbox 945 3706 1039 3758; x_wconf 77' lang='lat' dir='ltr'><strong>imre,</strong></span> <span class='ocrx_word' id='word_1_197' title='bbox 1056 3696 1132 3760; x_wconf 74' lang='lat' dir='ltr'><strong>foed.</strong></span> <span class='ocrx_word' id='word_1_198' title='bbox 1144 3697 1260 3767; x_wconf 77' lang='lat' dir='ltr'><strong>jompr.</strong></span> <span class='ocrx_word' id='word_1_199' title='bbox 1278 3703 1333 3744; x_wconf 75' lang='lat' dir='ltr'><strong>not.</strong></span> 
     </span>
     <span class='ocr_line' id='line_1_28' title="bbox 339 3784 1333 3852; baseline -0.001 -17"><span class='ocrx_word' id='word_1_200' title='bbox 339 3784 359 3849; x_wconf 61' lang='lat' dir='ltr'><strong>,d</strong></span> <span class='ocrx_word' id='word_1_201' title='bbox 375 3787 524 3849; x_wconf 75' lang='grc'><strong>333-335,</strong></span> <span class='ocrx_word' id='word_1_202' title='bbox 544 3787 587 3852; x_wconf 86' lang='lat' dir='ltr'><strong>qui</strong></span> <span class='ocrx_word' id='word_1_203' title='bbox 600 3795 678 3834; x_wconf 81' lang='lat' dir='ltr'><strong>tamen</strong></span> <span class='ocrx_word' id='word_1_204' title='bbox 696 3785 781 3835; x_wconf 81' lang='lat' dir='ltr'><strong>melius</strong></span> <span class='ocrx_word' id='word_1_205' title='bbox 791 3785 883 3850; x_wconf 81' lang='lat' dir='ltr'><strong>judicat</strong></span> <span class='ocrx_word' id='word_1_206' title='bbox 898 3787 965 3851; x_wconf 79' lang='lat' dir='ltr'><strong>lore,</strong></span> <span class='ocrx_word' id='word_1_207' title='bbox 981 3788 1003 3836; x_wconf 79' lang='lat' dir='ltr'><strong>ei</strong></span> <span class='ocrx_word' id='word_1_208' title='bbox 1018 3796 1154 3836; x_wconf 77' lang='lat' dir='ltr'><strong>statuantur</strong></span> <span class='ocrx_word' id='word_1_209' title='bbox 1166 3784 1212 3835; x_wconf 89' lang='lat' dir='ltr'><strong>duo</strong></span> <span class='ocrx_word' id='word_1_210' title='bbox 1229 3787 1333 3836; x_wconf 84' lang='lat' dir='ltr'><strong>omnium</strong></span> 
     </span>
    </p>
   </div>
   <div class='ocr_carea' id='block_1_3' title="bbox 341 3876 1334 3945">
    <p class='ocr_par' dir='ltr' id='par_1_5' title="bbox 341 3876 1334 3945">
     <span class='ocr_line' id='line_1_29' title="bbox 341 3876 1334 3945; baseline 0 -18"><span class='ocrx_word' id='word_1_211' title='bbox 341 3881 486 3943; x_wconf 68' lang='lat' dir='ltr'><strong>¹regiminum</strong></span> <span class='ocrx_word' id='word_1_212' title='bbox 512 3878 646 3943; x_wconf 79' lang='lat' dir='ltr'><strong>principia3</strong></span> <span class='ocrx_word' id='word_1_213' title='bbox 673 3888 746 3944; x_wconf 76' lang='lat' dir='ltr'><strong>puta,</strong></span> <span class='ocrx_word' id='word_1_214' title='bbox 769 3880 860 3929; x_wconf 83' lang='lat' dir='ltr'><strong>ratione</strong></span> <span class='ocrx_word' id='word_1_215' title='bbox 881 3880 982 3943; x_wconf 79' lang='lat' dir='ltr'><strong>civium,</strong></span> <span class='ocrx_word' id='word_1_216' title='bbox 1005 3894 1086 3929; x_wconf 84' lang='lat' dir='ltr'><strong>sensns</strong></span> <span class='ocrx_word' id='word_1_217' title='bbox 1111 3877 1243 3941; x_wconf 85' lang='lat' dir='ltr'><strong>eommedi,</strong></span> <span class='ocrx_word' id='word_1_218' title='bbox 1269 3876 1334 3945; x_wconf 86' lang='lat' dir='ltr'><strong>quod</strong></span> 
     </span>
    </p>
   </div>
   <div class='ocr_carea' id='block_1_4' title="bbox 227 3968 1435 4043">
    <p class='ocr_par' dir='ltr' id='par_1_6' title="bbox 227 3968 1435 4043">
     <span class='ocr_line' id='line_1_30' title="bbox 227 3968 1435 4043; baseline 0.004 -28"><span class='ocrx_word' id='word_1_219' title='bbox 227 3990 234 3996; x_wconf 82' lang='lat'><strong>·</strong></span> <span class='ocrx_word' id='word_1_220' title='bbox 341 3968 436 4033; x_wconf 80' lang='lat' dir='ltr'><strong>capiant</strong></span> <span class='ocrx_word' id='word_1_221' title='bbox 457 3984 532 4016; x_wconf 78' lang='lat' dir='ltr'><strong>exeo</strong></span> <span class='ocrx_word' id='word_1_222' title='bbox 553 3971 620 4034; x_wconf 79' lang='lat' dir='ltr'><strong>ipro,</strong></span> <span class='ocrx_word' id='word_1_223' title='bbox 646 3968 710 4035; x_wconf 89' lang='lat' dir='ltr'><strong>qnod</strong></span> <span class='ocrx_word' id='word_1_224' title='bbox 732 3972 780 4020; x_wconf 89' lang='lat' dir='ltr'><strong>sint</strong></span> <span class='ocrx_word' id='word_1_225' title='bbox 800 3973 877 4036; x_wconf 73' lang='lat' dir='ltr'><strong>cires3</strong></span> <span class='ocrx_word' id='word_1_226' title='bbox 902 3971 1069 4043; x_wconf 79' lang='lat' dir='ltr'><strong>imperantium</strong></span> <span class='ocrx_word' id='word_1_227' title='bbox 1090 3970 1197 4028; x_wconf 83' lang='lat' dir='ltr'><strong>ratione,</strong></span> <span class='ocrx_word' id='word_1_228' title='bbox 1226 3968 1333 4019; x_wconf 77' lang='lat' dir='ltr'><strong>studium</strong></span> <span class='ocrx_word' id='word_1_229' title='bbox 1434 3987 1435 4026; x_wconf 70' lang='grc'>;</span> 
     </span>
    </p>
   </div>
   <div class='ocr_carea' id='block_1_5' title="bbox 340 4056 1332 4222">
    <p class='ocr_par' dir='ltr' id='par_1_7' title="bbox 340 4056 1332 4222">
     <span class='ocr_line' id='line_1_31' title="bbox 340 4056 1332 4130; baseline 0.001 -20"><span class='ocrx_word' id='word_1_230' title='bbox 340 4056 404 4126; x_wconf 44' lang='lat' dir='ltr'><strong>,bena</strong></span> <span class='ocrx_word' id='word_1_231' title='bbox 416 4058 523 4123; x_wconf 84' lang='lat' dir='ltr'><strong>exempla</strong></span> <span class='ocrx_word' id='word_1_232' title='bbox 536 4058 638 4108; x_wconf 84' lang='lat' dir='ltr'><strong>subditis</strong></span> <span class='ocrx_word' id='word_1_233' title='bbox 653 4061 780 4113; x_wconf 82' lang='lat' dir='ltr'><strong>offerendi.</strong></span> <span class='ocrx_word' id='word_1_234' title='bbox 805 4061 881 4111; x_wconf 76' lang='lat' dir='ltr'><strong>Aliter</strong></span> <span class='ocrx_word' id='word_1_235' title='bbox 899 4061 1023 4130; x_wconf 76' lang='lat' dir='ltr'><strong>paululdrn</strong></span> <span class='ocrx_word' id='word_1_236' title='bbox 1040 4064 1188 4114; x_wconf 74' lang='lat' dir='ltr'><strong>immutatur</strong></span> <span class='ocrx_word' id='word_1_237' title='bbox 1200 4060 1332 4111; x_wconf 75' lang='lat' dir='ltr'><strong>doctrinan</strong></span> 
     </span>
     <span class='ocr_line' id='line_1_32' title="bbox 341 4148 1329 4222; baseline 0.002 -22"><span class='ocrx_word' id='word_1_238' title='bbox 341 4148 413 4211; x_wconf 73' lang='lat' dir='ltr'><strong>habet</strong></span> <span class='ocrx_word' id='word_1_239' title='bbox 422 4160 468 4199; x_wconf 81' lang='lat' dir='ltr'><strong>ron</strong></span> <span class='ocrx_word' id='word_1_240' title='bbox 477 4160 548 4213; x_wconf 78' lang='lat' dir='ltr'><strong>srsrr,</strong></span> <span class='ocrx_word' id='word_1_241' title='bbox 564 4166 588 4197; x_wconf 82' lang='lat' dir='ltr'><strong>c.-</strong></span> <span class='ocrx_word' id='word_1_242' title='bbox 597 4151 639 4198; x_wconf 86' lang='lat' dir='ltr'><strong>Vl.</strong></span> <span class='ocrx_word' id='word_1_243' title='bbox 652 4151 725 4216; x_wconf 80' lang='lat'>§100</span> <span class='ocrx_word' id='word_1_244' title='bbox 732 4170 785 4221; x_wconf 80' lang='lat' dir='ltr'><strong>sqq.</strong></span> <span class='ocrx_word' id='word_1_245' title='bbox 804 4156 931 4221; x_wconf 76' lang='lat' dir='ltr'><strong>emerso,</strong></span> <span class='ocrx_word' id='word_1_246' title='bbox 942 4171 966 4204; x_wconf 84' lang='lat' dir='ltr'><strong>n.</strong></span> <span class='ocrx_word' id='word_1_247' title='bbox 979 4157 997 4204; x_wconf 71' lang='lat'>2</span> <span class='ocrx_word' id='word_1_248' title='bbox 1008 4153 1037 4204; x_wconf 80' lang='lat' dir='ltr'><strong>ad</strong></span> <span class='ocrx_word' id='word_1_249' title='bbox 1050 4154 1095 4203; x_wconf 88' lang='lat'>111.</span> <span class='ocrx_word' id='word_1_250' title='bbox 1109 4154 1135 4222; x_wconf 71' lang='lat'><strong>⁴3</strong></span> <span class='ocrx_word' id='word_1_251' title='bbox 1148 4154 1197 4204; x_wconf 74' lang='lat' dir='ltr'><strong>nl</strong></span> <span class='ocrx_word' id='word_1_252' title='bbox 1212 4150 1242 4200; x_wconf 79' lang='lat' dir='ltr'><strong>ad</strong></span> <span class='ocrx_word' id='word_1_253' title='bbox 1252 4152 1329 4218; x_wconf 62' lang='lat' dir='ltr'><strong>lm.</strong></span> 
     </span>
    </p>
   </div>
   <div class='ocr_carea' id='block_1_6' title="bbox 0 0 1456 5042">
    <p class='ocr_par' dir='ltr' id='par_1_8' title="bbox 0 0 1456 5042">
     <span class='ocr_line' id='line_1_33' title="bbox 0 0 1456 5042; baseline 0 0"><span class='ocrx_word' id='word_1_254' title='bbox 0 0 1456 5042; x_wconf 95' lang='lat' dir='ltr'><strong> </strong></span> 
     </span>
    </p>
   </div>
  </div>
 </body>
</html>
