2892 5042
601 506 640 565 19

126 676 228 753 Probe
252 689 358 744 autem
386 700 495 745 cavere
525 680 638 757 voluit,
664 703 721 758 ne,
746 681 822 746 dum
842 654 1027 751 monstraret
1052 680 1111 748 im·

15 875 19 881 ⁵
54 862 57 869 ,
124 789 335 872 prudentiam,
356 791 553 874 injustitiam,
571 792 795 859 absurditatem
813 794 1023 879 plurimorum
1034 793 1111 859 abu⁴

124 921 234 977 suum,
267 923 346 986 quos
377 905 411 966 in
441 904 542 989 patrii
567 903 699 981 doleret,
725 906 793 989 ipsa
814 906 957 970 instituta
981 906 1112 993 aggredi

121 1011 295 1092 rideretur3
317 1035 411 1092 nam,
431 1019 479 1077 uti
492 1016 562 1098 jam
582 1036 676 1100 supra
700 1014 834 1101 probare
863 1028 994 1082 conatus
1022 1038 1110 1096 sum,

120 1125 232 1207 procul
262 1137 381 1190 remota
406 1137 471 1190 erat
494 1148 724 1203 uourusourvrr
753 1124 873 1192 indoles
897 1151 917 1193 a
941 1128 1043 1192 studio
1064 1129 1111 1191 of·

119 1235 268 1299 fundendi
297 1236 490 1314 certandive,
513 1240 698 1322 praesertim
726 1238 780 1302 ubi
803 1240 933 1326 aggredi
955 1239 1111 1303 debuisset

118 1359 306 1431 potestatem
321 1350 442 1414 dudum
465 1353 675 1417 constitutam.
700 1354 863 1418 Praeterea
880 1355 978 1417 nimia
999 1355 1110 1418 ueritas
1212 1344 1218 1348 ’

116 1459 200 1522 nihil
215 1461 277 1543 ipsi
296 1462 470 1546 profuisset,
496 1485 595 1547 quum
610 1464 763 1546 imprimis
784 1465 824 1528 ab
840 1466 879 1527 iis
897 1466 961 1551 legi
983 1447 1112 1549 cuperet

118 1572 236 1655 scripta
258 1593 331 1649 sua,
356 1593 492 1658 quorum
514 1574 630 1660 agendi
651 1573 803 1638 rationem
822 1569 982 1640 immutari
1007 1576 1111 1642 vellet.

161 1678 274 1768 Neque
285 1684 369 1747 euim
379 1685 498 1748 sinebat
516 1686 632 1750 sacculi
648 1687 737 1763 ratio,
756 1688 824 1750 aliis
840 1687 901 1751 nisi
913 1688 1111 1772 proceribus,

118 1797 266 1881 quamvis
277 1796 316 1860 de
331 1819 396 1882 rep.
408 1798 520 1881 parlim
538 1797 688 1875 sollicitis,
711 1798 814 1863 offerri
829 1799 985 1865 doctrinas
1004 1800 1045 1863 de
1060 1822 1111 1864 sa-

119 1906 186 1970 lute
203 1904 317 1991 populi
336 1908 535 1990 procurandi
548 1920 579 1970 ct
595 1909 688 1971 rebus
707 1908 842 1991 publicis
859 1908 1016 1993 gerendis;
1036 1930 1112 1973 nam

121 2018 248 2106 Opinio
263 2019 402 2105 publica
425 2016 565 2083 salutaris
586 2019 657 2096 illa,
679 2020 866 2083 interrivos
887 2041 905 2084 a
925 2039 1031 2082 rerum
1043 2040 1112 2105 ges-

116 2132 202 2194 tione
220 2140 366 2206 remotos,
389 2130 440 2192 vix
456 2140 530 2195 nota
546 2142 611 2195 erat
624 2142 679 2197 aut
695 2131 940 2217 intelligebatur,
959 2141 1112 2217 regnanto

117 2262 285 2308 rooovrco
303 2242 372 2318 XV,
395 2264 457 2327 quo
476 2254 617 2328 tempore
638 2243 789 2308 sexcentis
816 2244 966 2328 exemplis
983 2244 1111 2327 probari

116 2366 240 2438 posset,
266 2356 401 2417 tertium
425 2363 566 2433 statum,
588 2340 718 2438 perinde
737 2377 774 2419 ac
797 2355 919 2418 ordines
939 2356 1111 2441 privilegiis

117 2477 252 2542 ornatos,
272 2485 378 2527 rerum
389 2465 600 2529 conditionem
611 2477 688 2531 tuuc
699 2466 868 2531 stabilitam
877 2466 1127 2560 immutabilem·

119 2576 295 2660 habuisse(
317 2573 342 2660 ).
834 2619 839 2627 -
1022 2625 1025 2629 -

122 2740 126 2745 .
161 2688 217 2750 His
230 2685 329 2750 causis
348 2681 503 2750 scribendi
513 2684 623 2769 Operis
633 2684 675 2748 de
684 2682 810 2773 legam
823 2682 967 2775 Ingenio
982 2689 1111 2753 accessit

116 2794 336 2885 proculdubio
348 2796 496 2874 studium,
510 2795 711 2882 quaedam-ab
721 2798 790 2881 ipso
807 2798 1037 2885 excogitatavel
1051 2799 1109 2864 ali·

115 2909 203 2974 unde
213 2919 348 2993 recepta,
361 2908 400 2971 de
410 2909 524 2973 summi
533 2909 657 2993 imperii
662 2909 812 2993 partibus,
825 2909 864 2974 de
876 2909 1106 2997 climate(novi·

116 3149 147 3199 de
164 3144 189 3195 la
205 3148 252 3208 loi,
283 3148 308 3195 ui
323 3147 347 3195 la
363 3146 397 3194 loi
414 3145 443 3194 de
462 3142 599 3195 l'hornme.''
634 3145 682 3194 Neo
701 3146 824 3196 diuentire
842 3144 937 3195 videtur
955 3158 1106 3208 uultum,

115 3256 155 3305 op.
174 3240 235 3300 εἰη
252 3253 274 3286 c.
289 3251 315 3300 g.
334 3251 389 3300 pag.
410 3237 473 3299 1093
501 3235 541 3283 »11
561 3238 619 3284 &tait
636 3238 758 3284 rtservda
779 3246 948 3293 uorrrsoorru
968 3234 996 3281 de
1014 3235 1105 3282 sciret

114 3331 138 3379 la
161 3331 208 3377 lois
226 3326 359 3392 l’ouvrage,
384 3329 426 3393 qui
449 3326 559 3392 rdpondlt
581 3325 604 3374 lo
622 3329 700 3375 mieux
717 3330 731 3374 d
748 3325 862 3373 l’iustiuct
880 3324 961 3373 deson
978 3321 1062 3391 siecle,
1080 3332 1105 3374 et

114 3420 252 3485 l’ouvrage,
272 3421 314 3485 qui
326 3418 362 3466 lui
376 3419 416 3465 stit
430 3417 453 3464 le
470 3417 522 3482 plus
534 3419 663 3481 contraire;
683 3420 720 3466 les
736 3418 836 3467 Lettros
850 3420 975 3467 Personas
986 3427 1011 3466 et
1031 3418 1103 3467 tm-

117 3517 175 3578 prio
193 3515 237 3562 des
254 3510 342 3561 Μεθ’
381 3510 431 3573 Qud
457 3512 621 3576 processissent
646 3510 775 3560 cultiorum
792 3521 815 3559 et
831 3491 965 3576 potentium
982 3510 1102 3561 homiuum

116 3606 160 3655 illa
166 3607 268 3654 luceru
286 3616 310 3652 ct
326 3600 452 3669 snperbia,
471 3602 556 3670 quibus
572 3605 598 3651 in
614 3604 750 3651 memoriam
767 3602 892 3652 revocandi
910 3611 987 3652 essent
1002 3604 1101 3666 reriju-

114 3701 178 3751 rium
199 3708 224 3746 et
244 3696 374 3746 officiorum
400 3697 473 3762 fines,
489 3706 557 3761 patet
576 3698 639 3745 inter
660 3696 729 3763 plura
747 3713 759 3744 e
780 3695 831 3744 loco
850 3696 885 3745 E.
905 3695 929 3742 d.
948 3695 978 3743 L.
997 3692 1050 3740 XV.
1070 3693 1100 3754 ῦς

116 3795 174 3842 »On
194 3791 285 3839 entend
301 3790 356 3837 diro
377 3797 432 3837 tous
456 3789 493 3836 les
502 3790 594 3855 joura,
611 3785 672 3853 qu’il
686 3788 758 3836 serait
774 3785 837 3849 bon,
855 3800 901 3849 que
917 3783 993 3847 parmi
1009 3796 1067 3828 noue
1083 3779 1102 3829 il

115 3899 132 3948 y
150 3885 192 3932 ert
209 3881 249 3930 des
266 3875 403 3944 esclaves,''
422 3889 481 3927 etc.-

150 3971 187 4039 (l)
205 3973 239 4021 lle
257 3981 311 4021 ortu
328 3970 446 4036 opinionis
462 3966 571 4033 publicae
589 3968 621 4016 cf.
642 3962 787 4029 Yoferoolen
805 3962 848 4011 dor
866 3962 1102 4014 sorau-omarus·

111 4069 177 4133 ,bug
193 4081 218 4112 v.
242 4064 378 4129 Fronkn'jk
395 4057 573 4127 (Amsrclodum'
591 4057 680 4124 17⁰4),
697 4075 721 4106 v.
739 4057 764 4124 1,
782 4071 837 4122 pag,
856 4055 905 4119 4⁰,
923 4053 1013 4123 aliique
1030 4058 1101 4123 scrip·
1166 4128 1174 4140 ι

117 4168 181 4207 toret
197 4155 226 4205 de
243 4171 321 4204 rerum
340 4152 498 4200 conversione.
745 4158 747 4164 ·

917 4241 1035 4300 2„
