2892 5042
575 496 617 556 6⁶

107 672 179 754 dam
209 672 387 754 arbitratur5
417 675 575 762 agendum
598 674 657 739 ribi
689 674 902 752 mntdmmado
923 675 1030 739 statuit
1050 673 1090 738 de

109 784 241 862 ratione,
263 787 325 872 qua
346 799 567 872 promoveatur
582 786 644 876 (1)
1124 851 1129 860 ,

150 896 351 964 Libertatem
374 901 505 986 inquam
529 902 727 989 pola‘lz'oam
752 902 831 965 solet
860 912 969 966 antem
996 898 1092 964 hodie

104 1008 145 1076 in
165 1011 342 1098 nuncupari
358 1000 442 1077 liber
462 1035 534 1077 usus
551 1013 691 1097 jurium,
719 1036 802 1100 quae
822 1014 941 1079 civibus
961 1012 1091 1100 singulis

106 1123 321 1190 conceduntur
352 1124 386 1189 in
415 1126 533 1210 patriae
551 1149 624 1192 suae
657 1127 814 1213 regimen,
844 1127 879 1191 in
908 1126 1097 1192 electionem·

104 1235 325 1319 imperantium
344 1238 394 1302 rel
417 1238 656 1325 magistratuum
677 1238 877 1325 quomdam
899 1238 950 1301 vel
966 1238 1095 1325 dolega·

76 1363 81 1372 ‘
104 1358 224 1427 torum,
246 1352 352 1435 prouti
372 1351 515 1438 singulae
536 1352 621 1438 legas
638 1352 784 1436 publicae
803 1351 962 1417 sancivere
984 1349 1091 1436 (Fran-

103 1459 172 1526 ciee
192 1483 229 1525 ea
248 1462 323 1545 jura
344 1462 477 1526 audiunt
496 1462 607 1526 droits
625 1462 811 1550 civiques);
839 1484 904 1547 quo
925 1483 1019 1525 seusu
1035 1482 1096 1546 op·

104 1574 233 1657 ponitur
261 1575 412 1638 libertati
437 1576 544 1653 cicili,
577 1576 640 1638 sive
658 1574 816 1640 securitati
836 1595 1039 1659 personarum
1062 1584 1095 1637 et

7 1671 8 1718 ³
105 1682 280 1763 bonorum,
305 1698 336 1751 et
355 1687 495 1752 facultati
518 1711 567 1752 res
592 1710 663 1753 suas
689 1687 819 1775 agendi,
842 1687 962 1774 absque
983 1697 1093 1772 poten*

104 1796 220 1861 tiorum
243 1799 425 1868 interventu
445 1800 605 1888 (Francice
623 1801 733 1865 droita
753 1798 874 1888 ants).

38 1947 43 1954 »
145 1910 203 1976 Illa
222 1922 331 1976 autem
351 1912 516 1977 nominum
535 1912 693 1976 distinctio
710 1934 836 1997 prorsus
853 1912 1013 1997 incognita
1026 1922 1093 1974 erat

109 2043 363 2099 marmanum,
387 2024 506 2108 quippe
526 2022 582 2109 qui
598 2024 783 2088 libertatem
798 2024 973 2111 politicam
992 2022 1095 2106 potius
1123 2007 1131 2017 ¹

102 2134 283 2219 opposuerit
302 2138 444 2214 morali,
466 2158 545 2222 quae
564 2135 642 2199 nihil
657 2148 712 2212 est,
732 2136 791 2200 nisi
807 2134 930 2210 volendi
949 2136 1092 2212 libertas,

80 2256 133 2311 'et
162 2249 335 2325 naturali,
367 2270 422 2313 seu
448 2249 593 2332 licentiae
622 2249 773 2326 faciendi,
805 2270 886 2334 quae
911 2249 980 2334 quis
1007 2248 1091 2320 velit.

99 2359 219 2427 Verdm
239 2358 403 2447 distinguit
431 2362 606 2427 libertatem
627 2362 787 2446 politicam
811 2365 943 2427 ratione
971 2367 1091 2427 consti-

98 2476 253 2550 luta'om'e‚
274 2484 305 2535 et
324 2477 456 2537 ratione
480 2476 688 2562 singulorum
708 2473 742 2561 (l.
758 2476 803 2537 xl
822 2486 854 2538 et
871 2472 956 2559 Xll).
993 2474 1092 2538 Priori

103 2583 383 2668 comprehenditur
402 2585 472 2664 illa,
487 2607 583 2670 quarn
599 2608 655 2649 nos
674 2587 785 2649 eximie
806 2586 965 2669 politicam
979 2605 1093 2650 vocare

99 2697 256 2772 solemus,
279 2695 408 2760 facultas
431 2696 631 2782 aliquomodo
652 2696 856 2782 participandi
885 2696 1007 2781 imperii
1025 2719 1092 2784 ges-

15 2801 19 2806 ’
98 2810 237 2885 tionem,
261 2830 357 2895 quam
382 2809 425 2873 ita
448 2810 741 2876 communicandam
769 2808 861 2887 dicit,
890 2820 925 2873 at
944 2810 994 2876 ria
1021 2831 1103 2875 θην

99 2923 169 3004 dat,
195 2921 259 3008 quai
279 2921 416 3007 pariatur
434 2922 554 2989 civibus
576 2924 702 2988 libertas
723 2923 928 3010 singulorum.

144 3037 227 3101 Hinc
242 3058 352 3100 eorum
367 3060 529 3123 aggressus
549 3049 767 3113 enarrarem,
792 3036 847 3121 qui
865 3046 1021 3120 putarent,
1042 3036 1090 3099 li-
1154 3099 1157 3107 ,

16 3128 24 3140 Ι
98 3148 229 3213 hernus
249 3147 423 3230 plurimum
442 3170 564 3231 semper
582 3149 616 3211 in
637 3149 793 3235 regimina
812 3148 955 3229 poprdari
973 3147 1087 3223 adesse,

99 3257 250 3342 exemplis
283 3280 319 3321 ex
353 3257 591 3321 Atheniensium
620 3271 650 3323 et
679 3261 893 3322 Romanorum
930 3257 1090 3341 republicrl

98 3372 200 3438 allatis
224 3367 283 3459 (2).
307 3371 388 3436 Hinc
410 3371 502 3435 etiam
521 3372 655 3456 plurima
681 3382 856 3458 praecepta,
877 3392 958 3458 quae
981 3370 1020 3434 de
1041 3370 1087 3433 li-

97 3489 221 3551 bertate
242 3485 449 3550 conservandi
472 3485 619 3565 tradidit,·
638 3486 676 3553 ad
701 3484 934 3552 monarchicam
955 3487 1086 3553 formam

99 3598 268 3683 pertinent.
567 3669 571 3676 ,
912 3661 918 3666 .
1076 3665 1080 3670 .

141 3711 283 3776 Libertas
299 3722 405 3777 autam
427 3735 473 3791 ea,
495 3713 569 3800 quai,
590 3714 1088 3796 nonrmon1vrojudice,‚quan-

98 3825 167 3889 tdm
196 3823 264 3888 fieri
288 3827 403 3909 possit,
436 3846 542 3889 omncs
564 3826 628 3888 frui
658 3835 798 3910 oportet,
827 3823 936 3887 eadem
963 3822 1022 3906 ipsi
1045 3827 1102 3885 est'

115 4083 172 4168 ’(1)
190 4099 249 4162 ng.
266 4100 301 4147 a.
319 4101 343 4147 a.
361 4102 393 4148 u.
412 4099 456 4148 ιι.
475 4098 552 4159 1-r;
571 4097 626 4147 xu.
647 4102 670 4146 ι.
694 4060 700 4066 ’

134 4188 173 4257 (a)
190 4190 225 4242 n.
241 4188 267 4240 a.
285 4190 317 4240 r.
335 4189 377 4239 xr.
396 4191 427 4252 a,
445 4191 477 4257 s;
494 4190 550 4242 xu.
569 4190 618 4256 aa,
636 4192 677 4239 er.

38 4323 43 4328 ·
144 4282 176 4350 Il
