2892 5042
821 510 884 573 100

359 694 417 773 bus
438 691 620 755 ollensirum
638 691 718 755 inter
737 712 770 752 se
789 689 897 753 foedus
913 687 1062 753 adversus¹
1074 684 1247 769 Imperium
1271 681 1347 745 inie-

362 804 425 869 rint
445 802 503 892 (1).
548 805 629 869 Hine
658 802 829 890 systematis
867 801 916 865 sni
939 799 1180 864 fundamentum
1210 795 1347 872 derivat,

361 916 492 994 scilieet,
511 916 661 991 Francos,
687 924 841 999 quantum
864 912 1038 996 potuerint,
1062 921 1137 975 ante
1155 927 1346 973 cuonovumr

291 1114 297 1123 ι
356 1032 434 1113 jam,
456 1052 530 1095 cum
545 1030 694 1092 Romanis
712 1027 867 1092 coaluisse
884 1038 915 1090 et
933 1027 1046 1112 procul
1066 1024 1164 1088 fuisse
1175 1032 1311 1086 remotos
1329 1043 1346 1084 a

361 1143 534 1219 mutandis,
569 1164 651 1227 quae
681 1140 739 1204 sub
769 1138 917 1205 Romanis
949 1140 1093 1203 instituta
1120 1138 1263 1214 fuerant,
1285 1128 1351 1197 imo

361 1255 577 1320 auctoritatem
605 1256 728 1338 Regum
756 1253 945 1316 Francorum
968 1253 1002 1314 in
1036 1249 1141 1314 Gallia
1170 1247 1281 1332 majori
1312 1269 1347 1309 ex

362 1376 449 1451 parte
469 1358 526 1430 niti
548 1365 798 1453 magistratibus,
822 1365 937 1451 quibus
957 1362 1129 1428 nonnullos
1157 1382 1266 1424 eorum
1286 1358 1347 1422 de-

362 1488 547 1546 curaverunt
576 1478 804 1562 Imperatores„
832 1479 944 1563 Neque
970 1477 1077 1562 legum
1104 1484 1135 1538 et
1159 1472 1347 1557 scriptorum

363 1592 463 1675 gentis
482 1591 618 1655 victricis
639 1591 779 1654 studium
798 1589 837 1653 ad
853 1590 975 1654 saniora
995 1609 1070 1651 eum
1090 1585 1247 1670 principia
1263 1604 1347 1647 revo

363 1702 459 1776 cavit,
484 1721 584 1785 quum
601 1700 672 1762 illos
693 1699 817 1763 nonnisi
836 1699 875 1762 ad
899 1698 1097 1783 probandum
1118 1679 1204 1783 quod
1228 1695 1348 1781 pridem

364 1812 422 1875 sibi
442 1822 646 1896 persuaserat,
670 1811 765 1876 citare
784 1811 890 1875 soleat.
924 1812 1034 1896 Neque
1046 1811 1158 1874 minus
1181 1808 1350 1874 abhorrent

363 1925 403 1990 ab
424 1923 570 1990 historici
592 1922 736 2000 veritate,
761 1922 936 2008 quamodo
957 1923 1063 1998 ducit,
1089 1921 1349 2007 consequentiae,

363 2038 499 2119 scilicet,
525 2037 634 2101 eodem
652 2038 726 2119 jure
749 2035 892 2100 omnibus
915 2037 949 2099 in
975 2034 1078 2099 Gallia
1105 2033 1229 2118 populis
1250 2034 1348 2117 impe·
1435 2024 1436 2031 Ι

364 2169 445 2210 rasse
467 2169 556 2233 reges
577 2148 786 2232 Merovingos,
821 2147 943 2210 nullam
970 2145 1085 2210 ordinis
1115 2144 1350 2210 distinctionem

363 2259 459 2322 luisse
476 2259 559 2322 inter
578 2259 732 2344 ingenuos
750 2261 907 2322 Romanos
923 2270 954 2321 et
971 2260 1123 2336 Francos,
1145 2280 1251 2344 neque
1268 2259 1349 2321 inter

363 2372 509 2437 barbaros
519 2373 602 2456 ipsos
613 2354 760 2457 (Francos
770 2371 846 2436 adeo
857 2394 953 2436 censu
964 2383 1103 2458 gravatos
1113 2368 1229 2457 putat);
1254 2371 1349 2434 nullis

363 2485 478 2551 finibus
508 2485 672 2549 limitatam
706 2485 824 2572 regiam
855 2494 1055 2569 potestatem,
1089 2506 1189 2569 quum
1220 2506 1350 2570 magnos

365 2599 465 2687 gentis
482 2599 650 2667 Francicae
675 2598 874 2675 conventus,
889 2619 952 2661 uno
973 2597 1085 2661 calami
1110 2597 1176 2661 ictu
1196 2619 1347 2680 pronun-

334 2700 337 2705 *
365 2712 425 2776 ciet
435 2712 515 2777 nihil
531 2710 619 2775 aliud
639 2693 743 2785 luisse,
758 2711 818 2774 nisi
840 2732 904 2772 »un
918 2709 1039 2797 grand
1051 2709 1175 2773 consez'l
1191 2709 1233 2772 de
1239 2731 1350 2798 guer-

365 2828 424 2886 re”
437 2820 496 2908 (2).
523 2822 690 2884 Historiam
702 2843 790 2885 suam
807 2842 871 2884 uon
892 2821 1021 2886 ulterius
1031 2820 1188 2906 produxit,
1202 2843 1299 2907 quam
1310 2822 1350 2886 ad

396 3066 434 3134 (Ι)
453 3069 524 3118 Hist.
542 3068 619 3128 cru„
636 3069 664 3116 l..
675 3069 698 3129 1,
714 3068 751 3116 clu.
766 3072 797 3119 17
814 3068 882 3134 (Vol.
895 3070 915 3132 1,
934 3085 988 3133 pag.
1008 3068 1077 3134 182).
1099 3073 1223 3118 (Maronis
1241 3071 1352 3120 hostilem

363 3160 506 3213 invasionem
518 3176 604 3225 negare
620 3160 718 3225 nequit,
736 3159 778 3208 sed
787 3159 897 3225 perhibet
914 3162 1026 3221 Francos,
1044 3161 1132 3226 quibus
1148 3161 1187 3210 hic
1205 3161 1350 3227 imperabat,

364 3250 393 3299 ab
409 3257 477 3301 terto
495 3251 600 3301 devictos
617 3254 642 3301 in
660 3253 736 3302 Gallis
756 3256 866 3302 mansisse
885 3254 995 3302 Romanis
1011 3252 1129 3303 subditos.
1160 3257 1188 3304 l..
1209 3256 1250 3318 Il,
1276 3255 1314 3304 cb.
1335 3259 1352 3304 t

364 3345 400 3410 (Ι,
419 3363 471 3409 pag.
490 3347 558 3409 3³2).

401 3435 437 3501 (2)
457 3436 526 3485 Hist.
545 3440 618 3498 ortt,
638 3437 663 3483 L.
677 3437 724 3498 ΙΙΙ,
742 3437 778 3484 cb.
794 3439 835 3497 18,
849 3440 881 3484 21
902 3438 945 3502 (ll,
962 3453 1009 3502 pag
1028 3441 1091 3503 280,
1108 3439 1160 3486 330
1177 3436 1256 3505 sqq);
1276 3441 1300 3488 l..
1319 3440 1353 3499 V,

365 3524 402 3573 et.
421 3528 452 3572 ro
469 3542 530 3592 aqqq
547 3528 589 3587 vr,
608 3525 647 3575 en.
661 3529 684 3590 r,
704 3530 730 3589 a,
750 3529 776 3591 4,
794 3529 811 3575 o
829 3527 885 3593 (ιιι,
904 3544 957 3593 pag.
976 3531 1038 3591 aoo,
1056 3531 1118 3595 ast,
1136 3531 1196 3594 aar,
1214 3531 1265 3581 aaa
1278 3532 1352 3598 sqq).

362 3618 451 3669 stiram
462 3628 497 3666 est
515 3629 562 3666 tam
578 3634 661 3683 graves
669 3635 759 3667 errores
776 3621 826 3668 riro
844 3630 922 3670 tautae
939 3621 1079 3673 eruditionis
1091 3622 1198 3673 accidere
1211 3635 1292 3690 posse.
1311 3625 1353 3674 sie

364 3728 385 3760 e.
406 3726 431 3776 g.
449 3711 604 3775 argumentis,
621 3727 683 3776 qnae
700 3711 792 3778 adfert,
810 3722 836 3760 ut
858 3712 942 3778 probet
961 3727 1095 3763 cuororaru
1112 3719 1215 3766 amicum·
1231 3719 1353 3767 Romano-

363 3822 415 3853 rum
435 3804 522 3865 suisse,
546 3802 648 3868 singulis.
660 3802 753 3868 singula
780 3806 889 3854 universe
907 3815 962 3854 nota
980 3808 1042 3855 sacta
1065 3807 1154 3873 obponi
1171 3819 1278 3874 possunt.
1313 3811 1353 3858 Sic

364 3898 412 3944 ait:
440 3898 475 3945 1⁰.
492 3895 579 3945 multos
597 3897 697 3944 Francos
712 3895 845 3946 foederatos
867 3897 936 3947 luisse
960 3900 985 3946 in
1003 3902 1078 3965 copiis
1096 3901 1194 3966 Imperii
1212 3900 1353 3952 Occidenta-

364 3986 438 4033 lis—
453 3997 478 4035 at
496 3978 702 4036 ante‘ctonovuul
719 3998 848 4039 evanuerat
863 3988 927 4041 illud
944 3990 1090 4057 Imperium
1117 3995 1156 4041 2⁰.
1174 3991 1291 4041 Romanos
1308 4008 1353 4059 ga·
1435 4038 1436 4049 ,

361 4077 428 4124 visos
437 4078 598 4142 progressibus
612 4093 737 4152 utonem,
755 4085 813 4149 quia
827 4085 881 4148 ejus
890 4082 973 4132 liberis
987 4083 1087 4133 Galliam
1098 4087 1166 4134 cessit
1174 4098 1315 4133 turonosrus
1327 4087 1353 4134 11

365 4177 432 4216 -at
444 4169 542 4234 quisque
550 4172 626 4234 novit,
636 4172 792 4235 Imperatores
798 4177 904 4223 Orientis
914 4192 1040 4240 numquam
1049 4176 1126 4227 ullum
1141 4179 1166 4227 in
1178 4177 1256 4226 Gallia
1264 4194 1354 4242 pagum
