2892 5042
496 505 639 565 'iili

126 696 222 756 mam,
246 676 309 759 qua
324 697 437 739 munus
450 698 541 740 suum
557 679 690 754 emisset,
703 672 743 741 ¹ut
762 680 802 745 ita
823 681 1024 768 abrogaretur
1045 704 1113 763 mu-

126 799 237 850 n'erum
263 787 418 853 venalitas.
466 791 554 853 Tune
584 812 662 855 nora
693 791 830 857 remedia
861 792 1009 880 quaesivit
1040 816 1115 858 rnr-

126 920 244 976 mrrns3
270 900 389 964 curiam
409 900 526 967 scilicet
547 902 667 967 Parisiis
686 904 860 968 Pontesiam
881 905 1044 992 relegarit,
1058 889 1117 970 ubi

9 1052 16 1057 -
123 1031 249 1077 manere
278 1010 448 1089 debuisset,
482 1012 582 1078 donec
615 996 739 1081 cadmei
765 1016 916 1102 Principis
943 1019 1036 1092 rotis,
1059 1017 1114 1082 sed

58 1143 62 1146 ·
123 1132 190 1206 post
205 1123 406 1209 Argentariae
420 1124 584 1190 interitum
605 1126 667 1190 alii
689 1126 824 1211 quidam
839 1129 1036 1195 concessione
1054 1129 1113 1192 im-

122 1235 268 1319 petrarit,
292 1245 328 1299 ut
352 1236 453 1300 redire
471 1236 579 1301 liceret
598 1236 611 1316 (
633 1237 657 1326 )
1138 1316 1146 1320 .

122 1431 126 1434 Α
167 1348 282 1410 Notatu
305 1347 437 1432 dignum
457 1360 519 1426 est,
543 1349 586 1413 ita
613 1334 677 1419 sola
700 1350 754 1414 illa
775 1350 906 1435 collegia
927 1373 992 1415 sese
1013 1351 1115 1434 obpo-

123 1455 219 1534 suisse
238 1456 346 1521 mediis
367 1459 549 1541 comparatis
572 1458 611 1521 ad
635 1444 1115 1544 promoventum'perieutomm

78 1610 86 1655 .'
121 1557 213 1633 istud
235 1589 331 1631 uawrr
352 1565 523 1652 Systema,
541 1569 616 1632 lieet
634 1570 751 1645 clerus,
775 1571 884 1648 aulici,
907 1572 995 1655 plebs
1014 1573 1115 1656 impe·

121 1679 262 1743 rantibus
282 1679 434 1762 injustum
454 1681 619 1764 pravisque
637 1681 776 1745 moribus
801 1681 1044 1749 contaminatum
1066 1705 1114 1746 re·
1180 1688 1187 1698 '

120 1788 229 1876 pinnen
255 1789 471 1884 ignoscerent,
494 1790 612 1855 dumne
626 1791 805 1857 divitiarum
821 1814 907 1877 spem
927 1791 1114 1861 amitterent

112 1902 116 1912 '
166 1902 256 1992 Quae
278 1903 351 1967 dein
368 1904 525 1967 insecutae
542 1913 613 1969 sunt
635 1904 702 1967 lites
721 1905 760 1967 de
780 1905 962 1973 auctoritate
979 1907 1072 1990 Regis
1084 1918 1116 1971 et

122 2013 403 2097 parlamentorum,
435 2033 578 2098 quaeque
599 2013 803 2079 movebantur
820 2013 859 2077 de
879 2013 1067 2081 tesuitarum
1085 2027 1116 2079 et

121 2125 363 2193 lansenistarum
378 2126 604 2202 controversiis,
634 2126 673 2191 ad
691 2125 913 2213 argumentum
932 2125 1030 2195 hoece
1050 2149 1116 2197 non

123 2237 288 2321 pertinent.
312 2238 381 2301 Mox
399 2237 492 2305 aliam
510 2227 688 2305 ebeausam
709 2238 882 2325 tangendae
894 2250 994 2307 erunt.
1018 2240 1117 2305 Haee·

90 2338 94 2345 ⁴
123 2372 161 2414 ce
179 2349 275 2435 igitur
295 2349 464 2427 sufficiant,
488 2361 523 2413 ut
543 2352 601 2414 rite
625 2351 813 2436 explicetur,
836 2352 949 2437 quibus
972 2351 1066 2415 rebus
1085 2362 1117 2414 et

122 2452 299 2526 adolescens
317 2473 350 2524 et
372 2460 486 2525 maturi
506 2462 624 2547 ingenii
645 2463 692 2525 vir
712 2440 966 2539 nonensourvms
985 2463 1118 2532 maxime

123 2573 261 2637 intentus
283 2573 379 2634 luerit
401 2571 467 2656 (2);
491 2583 585 2656 atque
603 2573 685 2639 banc
701 2574 740 2636 eo
762 2584 900 2655 tempere
913 2574 1011 2639 solam
1024 2573 1118 2639 tuisse
1195 2582 1197 2587 '

123 2683 157 2746 in
185 2680 312 2747 Francia
339 2681 566 2758 conditionem,
590 2703 671 2767 qnae
689 2682 838 2751 libertatis
857 2682 956 2749 civilis
978 2703 1116 2747 amorem
1220 2722 1223 2725 -

36 2819 42 2829 ⁸
123 2804 155 2857 et
182 2793 340 2859 notionem
361 2793 419 2877 ipsi
440 2793 514 2858 dare
537 2804 647 2878 posset.
694 2793 797 2873 Quem
818 2792 963 2864 effoetum
988 2793 1022 2857 in
1049 2792 1115 2876 ejus
1217 2848 1218 2851 ,

9 2892 17 2911 '
116 2905 225 2990 .0pera
245 2903 403 2983 babuerit;
429 2906 582 2989 explicare
603 2905 739 2971 conabor
754 2904 788 2969 iu
803 2904 899 2973 alteri
917 2917 1004 2992 parte
1023 2904 1115 2990 bujus

121 3016 307 3101 speciminis.

102 3568 109 3574 ,
157 3509 194 3577 (ι)
212 3511 349 3573 vorren,
366 3485 466 3573 asoa,
485 3508 527 3569 oe,
545 3510 588 3557 so.
605 3510 633 3557 r.
654 3506 684 3555 r.
704 3508 748 3571 oa,
761 3508 821 3556 reo.
841 3508 932 3556 eaeor.
944 3508 1109 3556 ‹re-semo.

121 3606 144 3652 1.
158 3618 214 3669 pag.
234 3604 294 3655 102.
327 3601 472 3662 Samosata,
488 3617 528 3667 op.
545 3602 592 3650 cit.
610 3601 644 3659 ll,
661 3615 716 3665 pag.
731 3600 790 3648 168.
817 3598 982 3659 lanaeum,
1002 3601 1111 3650 atsere
1141 3630 1148 3653 ι

123 3699 150 3743 te
168 3695 281 3760 Ripense
298 3694 333 3760 (in
352 3695 460 3743 Oratores
477 3710 501 3742 v.
517 3682 605 3743 Xlllll.
623 3690 662 3741 ed.
678 3691 749 3739 lirux.
761 3689 838 3757 182⁰)
849 3705 903 3756 pag.
915 3691 967 3740 368
982 3705 1037 3756 sqq.
1048 3693 1108 3740 426.

156 3785 193 3854 (2)
209 3787 290 3853 Neque
307 3786 354 3834 alia
370 3787 471 3850 vestigia
488 3795 594 3833 secutum
612 3799 659 3832 esse
676 3783 846 3849 parlamentum
863 3780 1046 3845 Burdigalense,
1066 3788 1109 3844 pe·

121 3888 158 3928 tet
175 3896 188 3927 e
205 3879 397 3928 remonstratione
412 3879 462 3941 jans
480 3875 615 3941 memorati,
634 3891 705 3940 quam
717 3873 806 3940 (1⁷22)
818 3871 846 3921 ad
855 3873 1033 3920 Procuratorem
1043 3871 1109 3921 misit

121 3971 172 4032 ipae
188 3980 396 4026 aorrrsourrros.
410 3948 451 4016 'ob
469 3966 592 4014 liberiores
608 3963 716 4029 querelas
727 3961 757 4010 de
768 3961 870 4028 quidam
880 3961 950 4024 Regia
960 3959 1107 4012 ordinatione

121 4056 206 4108 exsilio
222 4058 332 4122 punitum
349 4074 401 4109 ease
419 4054 526 4120 ejusdem
543 4053 683 4120 parlamenti
701 4051 861 4103 consiliarium
881 4051 947 4103 dolet
963 4054 993 4103 L.
1014 4056 1047 4105 F:
1060 4056 1111 4120 sl,

120 4167 184 4217 quae
201 4149 301 4215 epistola
319 4148 411 4216 errand-o
430 4148 517 4213 scripta
534 4146 621 4212 luerit,
640 4145 707 4195 latet.

920 4241 940 4297 3
953 4243 971 4276 ⁴¹
