2892 5042
734 457 739 461 ’
799 489 860 549 132

389 674 530 739 Peccavit
557 693 649 758 porro
681 686 937 746 uorumouavrus
966 660 1077 747 pirdm
1108 638 1257 720 accurati
1282 653 1333 715 lo·

345 784 462 873 quendi
480 784 598 861 torma,
631 782 687 846 uhi
706 781 746 846 de
764 780 843 845 adria
862 774 1012 861 temperie
1034 790 1136 835 sermo
1160 779 1216 831 eet.
1260 767 1335 829 Pro-

347 900 468 963 miscue
488 895 572 959 enim
591 914 648 978 pro
670 891 777 956 calidis
791 888 1023 961 meridionales,
1044 904 1102 967 pro
1124 878 1247 966 frigidis
1268 899 1335 942 arc

347 1010 423 1073 aies
454 1006 595 1091 regiones
618 1002 712 1077 dicit,
744 1002 819 1066 licet
836 999 897 1064 hoc
923 998 963 1062 de
992 1005 1098 1059 nostro
1117 993 1212 1057 etiam
1230 990 1337 1055 hemi-

348 1117 491 1205 sphaerio
503 1137 633 1203 magnas
652 1112 850 1197 exceptiones
864 1110 930 1196 pati
944 1107 1055 1172 debeat
1065 1103 1123 1194 (l).
1146 1105 1227 1168 Hinc
1240 1103 1338 1167 unice
1443 1126 1444 1147 1

349 1231 494 1295 locorum
509 1227 737 1299 latetudinem,
758 1244 923 1309 nunquam
943 1217 1200 1309 longitudinem,
1223 1227 1280 1279 aut
1299 1216 1338 1277 si-

350 1355 419 1406 tum
443 1339 623 1407 calidiorem
642 1336 873 1423 frigidioremve
896 1334 936 1398 ob
953 1332 1129 1418 peculiares
1150 1351 1262 1394 causas
1284 1326 1337 1392 ad·
1442 1330 1444 1377 l

351 1454 478 1520 tendere
496 1452 627 1518 ridetur.
659 1453 825 1527 Attamen,
846 1448 902 1512 ubi
923 1447 962 1511 de
980 1443 1070 1509 humi
1088 1442 1210 1508 diversi
1227 1441 1338 1507 natura

352 1567 487 1643 disserit,
510 1565 643 1629 ostendit
665 1586 730 1629 sese
752 1561 947 1649 cognovisse,
971 1568 1127 1644 quantum
1151 1554 1338 1621 discriminis

351 1677 412 1741 haic
431 1679 463 1738 in
482 1699 516 1738 re
532 1676 704 1739 intercedat
721 1677 877 1758 Europam
895 1673 976 1736 inter
998 1682 1029 1735 et
1048 1669 1162 1734 Asiam
1186 1670 1338 1753 Namque,
1443 1744 1444 1753 ἵ

353 1788 508 1872 exipsius
536 1786 705 1862 sententiis,
729 1785 837 1869 populi
860 1784 949 1849 Asiae
975 1784 1018 1849 ita
1045 1806 1063 1846 a
1087 1782 1269 1846 seinvicem
1287 1802 1341 1842 se-
1443 1768 1444 1779 ¹

348 1901 529 1987 junguntur
559 1920 616 1983 per
635 1908 756 1961 montes
778 1895 912 1962 excelsos
935 1906 967 1959 et
987 1894 1128 1960 lutariae
1147 1893 1281 1968 deserta,
1303 1902 1342 1955 ut

352 2011 466 2096 duplex
488 2021 581 2076 acute
597 2009 741 2075 distincta
763 2009 878 2074 oriatur
898 2008 1073 2072 incolarum
1102 2005 1233 2070 indoles.
1256 2006 1341 2068 Stre-

352 2121 408 2185 nui
423 2121 507 2183 enim
526 2132 599 2183 sunt
620 2132 650 2183 et
667 2122 820 2197 bellicosi,
844 2121 900 2205 qui
918 2117 1072 2205 frigidiori
1087 2119 1176 2182 coelo
1198 2128 1340 2196 utuntur,

353 2232 473 2310 molles,
491 2243 523 2295 et
537 2231 691 2309 imbelles,
710 2232 766 2317 qui
789 2229 828 2295 ad
848 2231 1010 2296 meridiem
1028 2230 1184 2294 montium
1206 2229 1276 2295 sitas
1292 2253 1341 2294 re

353 2346 461 2428 giones
483 2341 637 2420 habitant3
661 2341 746 2406 unde
759 2343 901 2426 procedit
918 2343 1084 2407 discrimen
1100 2343 1184 2405 inter
1198 2344 1342 2426 politicas

352 2457 464 2529 formes
492 2453 526 2519 in
544 2453 735 2539 asiamque
761 2455 886 2540 Europd
910 2455 1026 2530 obvias,
1061 2476 1161 2540 quum
1195 2456 1242 2518 ibi
1273 2456 1342 2521 talis

354 2568 511 2636 distinctio
539 2589 603 2631 non
630 2566 808 2631 obtinuerit.
842 2566 990 2632 Universe
1011 2575 1116 2630 autem
1142 2578 1236 2652 urget
1258 2590 1341 2632 uou-

355 2703 558 2760 uusoorvrus,
579 2682 612 2743 in
631 2680 703 2743 Asia
724 2691 755 2742 et
778 2679 885 2743 Africa
904 2676 1078 2763 despoticae
1104 2679 1223 2743 formae
1240 2681 1343 2746 farere
1442 2726 1443 2729 ,

355 2794 506 2858 fervidam
524 2792 603 2856 coeli
626 2791 841 2878 temperiem(
865 2788 889 2876 )

353 3066 523 3125 decennem,
545 3060 602 3115 diss.
619 3063 662 3112 cit.
684 3078 740 3128 pag.
760 3064 794 3111 ²⁰
813 3065 862 3129 ait,
885 3067 958 3115 animi
976 3065 1102 3114 facultates
1124 3077 1185 3132 tres,
1207 3067 1325 3116 sentiendi
1336 3110 1352 3140 ,Β

352 3156 488 3223 cogitandi,
512 3155 706 3222 concupiscendi,
733 3156 866 3206 reiciendas
891 3156 921 3206 ad
944 3157 1044 3219 tolldem
1062 3158 1165 3222 corpoeis
1181 3169 1270 3224 partes,
1287 3177 1344 3210 aau-

356 3251 466 3315 guinem,
483 3264 582 3314 nerros,
600 3248 726 3298 mnmalos.
752 3250 855 3313 litator,
872 3252 895 3298 le
909 3250 1005 3299 'Nestor
1019 3250 1146 3313 Fraupaia
1162 3250 1237 3316 (Paris
1248 3253 1342 3319 1807),

355 3361 379 3392 a.
392 3344 413 3409 1,
431 3341 468 3390 ch.
480 3342 536 3392 v11.
551 3357 607 3407 pag.
620 3343 683 3390 ²02:
701 3339 837 3390 »L’homase
854 3359 869 3390 a
879 3344 937 3390 trois
948 3351 1050 3405 centres,
1068 3339 1124 3390 d'od
1141 3353 1237 3409 parteut
1256 3362 1293 3393 ses
1307 3345 1344 3395 fa·

355 3436 430 3484 cultis
446 3433 545 3483 morales
562 3444 586 3481 et
603 3434 747 3500 physiques,
765 3444 790 3482 et
807 3432 863 3483 d'od
878 3436 982 3484 uaisaeut
1003 3451 1042 3485 aea
1059 3434 1182 3485 affectione
1197 3447 1223 3485 et
1242 3455 1278 3486 ses
1293 3454 1344 3504 pas·

355 3527 429 3574 sicus.
447 3550 483 3561 -
500 3527 542 3572 Lea
558 3527 616 3573 troia
632 3535 738 3590 centres,
761 3525 819 3574 dont
841 3542 900 3576 nous
921 3526 1030 3593 parlons,
1054 3537 1107 3576 sont
1123 3527 1148 3577 la
1165 3528 1231 3594 aare,
1251 3529 1344 3597 lupol-
1388 3589 1397 3598 ι
1420 3550 1425 3560 ·

357 3618 420 3667 trine
438 3626 462 3665 et
480 3615 503 3663 le
522 3624 614 3664 ventre.
643 3618 680 3665 (ln
694 3621 802 3681 pourralt
824 3621 914 3686 croire,
939 3637 987 3686 que
1004 3620 1028 3669 la
1048 3621 1136 3671 semme
1152 3640 1183 3672 eu
1200 3640 1214 3671 a
1233 3641 1266 3673 un
1283 3641 1341 3690 qaa-
1440 3636 1442 3691 ,

356 3706 473 3776 nieme?
488 3717 539 3758 etc.

392 3795 432 3870 (1)
449 3804 485 3853 E.
504 3803 530 3850 d.
549 3802 578 3850 L.
595 3800 657 3850 xlv.
675 3803 702 3866 2,
720 3803 746 3864 3,
768 3803 800 3851 10
817 3818 871 3868 sqq.

390 3895 427 3965 (2)
445 3897 479 3946 Ε.
489 3895 515 3943 d.
526 3893 553 3943 L.
563 3891 629 3942 xlv.
645 3894 1006 3962 4;xV111.asqq.0011.xvn.
1019 3898 1050 3964 85
1063 3896 1154 3947 xvllt.
1166 3889 1200 3946 80¹
1212 3900 1247 3948 lio
1259 3898 1343 3948 dietri-

357 3989 421 4036 mine
427 3987 497 4035 Asiae
506 3995 532 4034 et
540 3987 645 4051 Europae
655 3996 731 4035 motus
746 3996 781 4035 est
797 3994 961 4052 amputent
971 3987 1000 4037 de
1013 3988 1056 4038 hac
1065 3991 1173 4052 tantdm,
1187 3990 1291 4039 climatis
1303 4008 1343 4039 ra·

357 4081 439 4139 tione,
458 4088 551 4144 ageret,
570 4079 603 4126 ita
618 4077 729 4141 scribens,
744 4079 833 4141 lucen,
852 4097 875 4128 v.
886 4081 919 4145 11,
937 4079 955 4128 l.
969 4081 1013 4145 vl,
1025 4099 1048 4132 c.
1063 4083 1094 4130 d:
1115 4081 1270 4132 »Weiterhin
1282 4081 1344 4132 uaelr

355 4174 449 4236 Europa
459 4184 526 4232 wege
544 4167 582 4216 ich
594 4169 657 4219 mich
674 4170 750 4219 nicht.
770 4173 803 4243 Er
812 4173 842 4220 ist
858 4188 883 4220 ao
896 4171 1050 4224 formenreieh
1064 4173 1109 4223 und
1124 4173 1254 4238 gemisolr13
1268 4175 1344 4241 ‘eslim
