2892 5042
819 486 932 547 ll,

341 697 372 737 rr
396 678 534 746 cuiscO,
563 670 693 755 aliisque
727 667 919 753 quaestiones
940 667 1060 752 agitans
1086 665 1126 731 de
1148 666 1331 733 oeconomid

339 787 442 853 rurali.
488 782 634 867 Majorem
656 803 764 846 eorum
782 792 904 867 partam
923 782 956 845 in
975 782 1093 846 fertiles
1112 781 1217 846 trifolii
1239 805 1330 869 agros

337 912 367 964 et
397 921 523 964 nemora
550 907 673 961 mutare
697 896 811 973 valuit,
833 894 897 981 qud
920 917 954 959 re
974 896 1079 959 multis
1098 894 1221 960 rusticis
1246 918 1327 981 pro-

335 1015 393 1078 fuit
414 1011 471 1102 (1).
518 1010 678 1076 Placidum
706 1008 858 1093 ejusmodi
877 1009 991 1088 otium,
1014 1010 1094 1073 ruris
1113 1009 1257 1094 operibus
1277 1031 1329 1074 va·

335 1129 461 1205 natum,
491 1146 555 1189 non
579 1124 806 1207 interruptum,
835 1122 874 1188 ad
900 1123 994 1189 aliam
1019 1142 1143 1208 prorsus
1172 1122 1328 1209 cogitandi

295 1216 298 1221 ‚
338 1242 488 1306 rationem
509 1257 738 1314 nonnusqurvn
755 1235 898 1302 animum
911 1234 1028 1300 ducere
1045 1235 1153 1299 debuit
1167 1258 1205 1300 ao
1222 1234 1328 1320 pbilo-

256 1418 262 1429 ,
336 1353 413 1438 phos
430 1353 498 1416 illos
517 1350 655 1435 ejusdem
671 1350 788 1427 aetatis,
804 1348 861 1435 qui
871 1351 937 1413 fere
951 1369 1125 1434 numquam
1140 1348 1327 1413 Parisiorum

336 1466 492 1531 turbosam
508 1475 539 1529 et
554 1463 725 1549 inquietam
740 1461 975 1526 multitudinem
987 1462 1214 1548 relinquerent3
1235 1461 1329 1527 multi

227 1574 231 1583 ’
276 1648 280 1655 ,
336 1579 428 1641 elium
451 1600 484 1640 re
504 1577 637 1663 angustia
657 1576 743 1639 domi
761 1586 978 1658 premerentur
1000 1572 1059 1661 (2).

378 1690 503 1773 Magnos
522 1698 629 1752 autem
651 1688 771 1751 fructus
791 1686 942 1751 literarios
964 1687 1042 1750 illud
1062 1688 1160 1751 otium
1181 1686 1326 1774 protulit,

323 1798 452 1886 'quippe
469 1801 618 1865 eontinub
638 1799 703 1863 fere
723 1798 763 1863 ab
781 1822 808 1864 a.
830 1802 912 1864 1731
931 1800 971 1865 ad
987 1802 1072 1867 1748
1090 1800 1324 1876 coriscribendo,
1351 1803 1359 1811 “

333 1913 527 1978 emendando
557 1912 653 1998 Operi
684 1912 726 1978 de
755 1911 901 2001 Ingenio
932 1912 1057 2003 Legum
1086 1914 1224 1978 intentus
1254 1913 1324 1979 fuit.

332 2027 382 2090 llis
402 2030 524 2093 tantdm
544 2026 630 2090 bunc
649 2026 788 2089 laborem
810 2047 868 2110 per
887 2026 1014 2114 aliquod
1035 2037 1157 2111 tempus
1180 2026 1325 2099 cessavit,

334 2151 369 2202 ut
392 2139 451 2203 alia
473 2139 587 2222 scripta
613 2138 772 2201 mentione
799 2138 894 2227 digna
919 2140 1103 2217 conficeret;
1131 2139 1263 2202 alterurn
1283 2139 1325 2202 de

332 2250 508 2339 splendore
530 2260 562 2315 et
582 2253 721 2314 interdu
748 2254 832 2340 reip.
857 2251 1046 2329 Romanae,
1069 2273 1133 2337 quo
1162 2251 1201 2315 de
1225 2251 1323 2316 bisto-

332 2367 402 2431 ricis
420 2365 587 2450 disciplinis
612 2375 766 2450 quantum
784 2365 953 2447 meruerit,
973 2363 1066 2448 hujus
1088 2386 1171 2448 spec.
1197 2386 1265 2449 cap.
1279 2365 1323 2427 -11

272 2458 275 2464 ¹
331 2479 581 2544 adumbrandum
621 2478 739 2557 veniet;
778 2479 912 2541 alterum
958 2477 999 2540 de
1032 2499 1135 2563 regno
1172 2498 1324 2543 nuuovrcr

329 2593 384 2656 xl.
427 2593 531 2658 Hocce
557 2591 657 2680 (1739
678 2588 737 2676 sq.)
760 2591 967 2656 elaboraverat
990 2601 1020 2652 et
1040 2590 1188 2655 idoneum
1206 2590 1322 2655 reddi·
1354 2598 1358 2607 '

329 2706 428 2785 derat,
460 2719 497 2770 nt
526 2707 615 2790 prelo
643 2703 859 2778 mandaretur,
895 2702 1020 2787 qnando
1044 2705 1226 2788 deplorabili
1248 2726 1321 2769 casu

330 2821 435 2882 oleum
469 2829 499 2879 et
526 2837 652 2899 operam
681 2812 825 2897 perdidit.
882 2813 988 2893 Quum
1019 2816 1102 2881 enim
1127 2819 1168 2896 is,
1190 2819 1244 2904 qui
1262 2818 1321 2901 ipsi

331 2941 396 2995 erat
425 2929 466 2993 ab
493 2928 598 3004 actis,
615 2939 715 2990 totum
748 2947 824 3010 opus
849 2926 1074 3014 descripsisset,
1098 2933 1190 3016 jussit
1214 2941 1323 2996 auctor

329 3042 499 3107 adversaria
521 3041 588 3127 igni
611 3040 820 3117 committere,
842 3053 873 3106 at
886 3063 994 3107 somno
1009 3046 1106 3111 victus
1121 3047 1201 3111 alter
1216 3046 1321 3130 ipsum

330 3154 542 3242 apographum
566 3155 729 3233 cremavit,
750 3153 836 3241 quod
852 3157 992 3223 nondum
1008 3168 1183 3242 compertus
1197 3168 1319 3232 auctor,

328 3291 420 3335 mane
443 3270 626 3335 cubiculum
648 3270 807 3335 intraverit
820 3270 928 3357 ibique
941 3272 1051 3338 viderit
1060 3268 1198 3355 jacentia
1215 3266 1321 3357 adbuc
1363 3313 1371 3322 »

327 3382 515 3458 adversaria,
545 3394 740 3465 praemature
762 3382 839 3449 haec
862 3397 989 3469 quoque
1011 3384 1124 3446 delevit
1149 3382 1210 3467 (3)
1248 3383 1320 3446 Fas·
1359 3380 1361 3383 ’

329 3516 379 3557 sus
411 3505 455 3557 est
483 3492 541 3556 sibi
570 3504 648 3560 tunc
674 3495 805 3560 defuisse
832 3495 949 3560 animos
977 3492 1081 3563 denuo
1106 3478 1316 3571 instaurandi,

328 3607 412 3694 quod
440 3607 482 3683 ita
512 3607 657 3693 perierat,
688 3611 741 3675 sed
770 3631 850 3674 novo
873 3606 983 3671 ardore
1010 3605 1049 3670 ad
1067 3627 1218 3691 magnum
1239 3629 1317 3691 opus

328 3722 434 3800 rediit,
466 3722 555 3807 cujus
584 3746 657 3789 cum
688 3725 810 3791 circiter
843 3725 885 3783 29
912 3718 1006 3781 libros
1035 3720 1211 3786 absolvisset
1242 3721 1317 3808 (fine

261 3865 264 3869 “
322 3865 539 3879 aun*-

360 3933 1283 4005 (1)L.1t.7‚to,tsn.t;adtulerunt,catone.

359 4028 394 4096 (2)
412 4031 448 4078 cf.
475 4030 584 4097 Nician,
613 4033 679 4079 nar.
707 4028 737 4076 do
765 4030 791 4077 lu
817 4025 948 4078 literature
976 4029 1115 4091 Francoiss
1141 4027 1215 4082 (Puris
1237 4026 1316 4091 1837>

327 4137 379 4187 pag.
400 4123 457 4171 168.

362 4212 635 4278 fflbssssnb
