2892 5042
578 517 615 576 47

102 696 310 764 sacerdotibus
335 695 366 757 in
394 693 534 756 exsilium
561 693 675 770 missis,
707 696 936 778 opportunisate
967 708 1090 759 contro-

102 811 218 874 versiae
236 808 277 871 'de
294 805 608 894 hullttsntgenuus
629 806 643 894 (
664 803 688 892 )

146 922 211 985 Hac
233 919 349 984 celebri
369 918 633 1000 brementensi,
663 918 728 1004 ipse
749 919 893 982 orationis
913 941 1019 1005 cursus
1040 942 1091 983 me

101 1031 188 1095 ducit
208 1030 247 1094 ad
267 1030 374 1095 locum
394 1030 633 1106 observandum,
654 1051 750 1116 quem
768 1030 801 1092 in
819 1017 947 1095 Francia
966 1032 1092 1096 tenebat
1181 1109 1188 1121 Ὢ

102 1145 204 1208 clerus
224 1143 324 1228 primi
351 1163 429 1206 saec.
452 1164 565 1227 praee.x
579 1154 677 1225 parte.
724 1145 797 1206 Erat
816 1142 841 1204 is
861 1165 933 1207 sane
954 1144 1092 1209 excelsus

102 1268 133 1320 et
149 1257 231 1321 male
248 1257 421 1321 tenebatur.
464 1255 595 1330 Plurimi
615 1254 699 1318 enim
720 1256 854 1340 episcopi
871 1266 902 1319 et
917 1256 1092 1320 Cardinales

101 1368 144 1457 in*
154 1368 249 1453 Regis
267 1368 431 1432 consilium
444 1367 568 1432 admissi
583 1389 655 1431 cum
672 1367 872 1454 privilegiatis
889 1368 1046 1432 nobilibus
1063 1378 1093 1430 et

102 1477 211 1542 aulicis
228 1478 293 1540 unzi
312 1460 489 1540 tendebant.
534 1479 620 1540 Duae
642 1488 747 1539 autern
766 1478 834 1540 viae
853 1491 956 1555 erant,
980 1482 1095 1565 quibus

101 1590 234 1654 honores
250 1587 511 1653 etauctoritatem
527 1588 589 1651 sibi
600 1588 760 1671 politicam
778 1602 1002 1674 compararent.
1039 1591 1095 1655 Al·

102 1713 200 1765 teram
231 1701 287 1785 qui
318 1710 537 1784 sequerentur,
573 1710 657 1761 veste
680 1700 861 1763 sacerdotali
881 1702 986 1765 omnia
1005 1713 1094 1789 tege-

102 1814 177 1878 bant
208 1811 375 1888 dcdecora,
399 1811 551 1874 nobilium
575 1811 783 1895 voluptatibus
809 1812 1092 1890 subministrabant,

103 1927 163 1990 suis
182 1925 397 2002 'incubabant3
431 1923 483 1987 de'
504 1924 550 1985 his
577 1923 695 2007 prolixe
726 1925 813 2009 loqui
844 1925 904 1988 hoc
933 1926 1002 1990 loco
1022 1929 1093 1990 abs-

53 2112 58 2117 *
103 2037 177 2124 que'
200 2038 355 2123 proposito
385 2038 479 2112 foret3
508 2034 687 2111 hominum,
715 2037 821 2121 quales
847 2036 935 2100 fuere
965 2056 1093 2114 noscis,

103 2172 143 2212 nr
161 2171 295 2225 renutu,
314 2170 353 2210 nn
370 2168 498 2223 nonan,
518 2146 587 2231 alii,
605 2147 780 2212 meminisse
792 2149 938 2225 sufficiat,
955 2172 1014 2214 nec
1029 2172 1093 2214 non

105 2260 171 2323 noti
193 2260 254 2323 illis
282 2258 392 2324 diebus
410 2258 533 2349 *adagii3
565 2259 672 2322 Genus
693 2259 867 2324 humanum
887 2285 950 2326 non
971 2264 1094 2347 peritn-
1187 2314 1191 2317 .

104 2394 192 2448 rum,
216 2374 292 2436 dum
314 2372 439 2436 abbates
462 2382 492 2433 et
516 2372 651 2456 episcopi
671 2374 835 2456 supersint.
880 2373 973 2438 Istam
999 2363 1094 2439 cleri-

105 2506 213 2548 corum
242 2483 420 2547 dissolutam
447 2483 541 2547 vitam
569 2483 776 2546 othonorum
800 2505 923 2547 morum
944 2489 1095 2551 eversoria

99 2595 218 2680 ,placita
235 2594 442 2657 casuistarum
467 2603 497 2654 et
521 2594 760 2671 Quietistarum,
783 2595 912 2658 ridendo
931 2598 1044 2679 passim
1061 2598 1095 2660 in

106 2705 239 2791 epistolis
270 2704 400 2766 Persicis
429 2702 528 2787 carpit
559 2725 828 2779 uonrmomvrm,
862 2705 926 2789 ipse
955 2708 1036 2771 casti
1065 2719 1096 2770 et

105 2818 234 2883 honesti
263 2816 325 2880 vita
358 2815 486 2902 insignis
511 2827 541 2879 et
570 2815 682 2881 otiosae
700 2815 925 2881 monachorum
946 2819 1027 2882 vitae
1046 2821 1094 2883 iu·

98 2929 212 3016 ⁵primis
240 2928 378 2992 infensus
411 2924 472 3015 (2)
528 2928 629 2990 Minus
660 2928 752 2992 otiam
772 2928 898 2993 ferenda
918 2942 981 2995 erat
1000 2933 1096 2997 altera

106 3042 219 3129 agendi
246 3042 340 3119 ratio,
375 3040 492 3105 scilicet
523 3063 623 3126 quum
656 3040 762 3105 clerici
782 3041 880 3125 plebis
897 3043 1094 3108 fanatismnm

141 3252 178 3320 (1)
195 3254 324 3305 Manum
341 3254 361 3303 l.
378 3268 404 3317 p.
425 3252 458 3299 ll.
477 3265 531 3315 pag.
551 3251 644 3313 1-16,
670 3251 797 3299 41-190.
832 3253 970 3315 surressit,
990 3252 1024 3301 ll.
1040 3270 1096 3318 pag.

108 3349 159 3396 178
176 3361 211 3413 sq.
231 3344 290 3392 184.
327 3344 409 3390 Carcer
426 3339 564 3389 arbitrarius
582 3356 609 3387 eo
633 3349 738 3406 tempere
756 3339 813 3389 adeo
831 3344 974 3391 necessarius
992 3342 1097 3394 habeba-

107 3450 148 3487 tur
170 3435 248 3485 valido
273 3435 396 3499 regimini,
424 3443 452 3481 ut
477 3448 560 3496 magna
584 3430 716 3480 emendatio
740 3443 813 3494 esset,
837 3434 901 3500 quod
922 3447 1054 3483 rmnsntcus
1072 3439 1097 3487 Il

106 3538 200 3579 vetaret
220 3527 338 3595 quendam
361 3528 383 3575 ei
406 3526 521 3574 committi
539 3526 584 3573 nisi
608 3524 754 3590 autographo
777 3526 839 3590 regis
852 3528 930 3590 jussu.
966 3530 994 3576 ln
1010 3528 1096 3578 ttussta

107 3621 185 3671 adbuc
201 3619 293 3685 durior,
314 3636 383 3686 quam
407 3629 466 3668 tunc
490 3619 516 3666 in
539 3618 649 3681 Proiecit,
676 3620 743 3682 riget
760 3617 843 3667 abusus
859 3621 885 3667 in
902 3619 1098 3671 Ordinaticnibns

83 3773 86 3777 .
108 3711 266 3762 (hncellarise
282 3713 396 3761 Arcanae.
412 3710 450 3759 ld.
468 3709 502 3759 ib.
518 3726 572 3776 pag.
589 3711 653 3773 265,
669 3713 730 3759 421.
756 3712 816 3760 Sunt
832 3714 875 3779 qui
891 3711 972 3762 dicant
987 3715 1098 3761 ministro

110 3804 178 3854 card.
197 3819 229 3854 nr
245 3816 339 3852 rrsuar
358 3804 392 3851 ita
409 3800 540 3851 cuceribus
558 3792 773 3851 mandatos'aaooo
788 3802 903 3852 homines.
936 3804 1097 3866 Bmorsrors,

108 3913 194 3947 comm.
212 3913 243 3946 on
261 3898 301 3945 tlte
318 3897 382 3944 tows
402 3898 432 3958 of
443 3897 513 3961 Eug.
529 3897 556 3945 Β.
575 3896 602 3960 Ι,
620 3911 640 3944 c.
659 3895 684 3961 1,
701 3904 758 3943 noto
776 3897 801 3944 t.

146 3987 182 4054 (2)
200 3991 230 4040 L.
255 3989 290 4038 P.
314 3988 358 4053 44,
378 3989 421 4053 47,
443 3989 487 4051 65,
510 3989 553 4053 ⁵7·
590 3989 624 4038 Ε.
648 3988 672 4036 d.
702 3989 731 4036 L.
757 3986 840 4035 nstv,
860 3985 884 4033 7.
902 3998 1096 4051 pressurum,

110 4083 185 4131 Saite
203 4082 233 4130 ds
253 4083 279 4129 lo
294 4079 352 4140 Do'f.
372 4081 401 4128 ds
421 4076 474 4127 ὶἘ.
488 4078 515 4131 d.
538 4076 566 4126 L.
590 4077 625 4141 (in
650 4078 738 4126 Pieros
762 4094 825 4141 pour
843 4087 867 4127 et
890 4087 972 4129 contro
990 4080 1046 4142 etc.)
1064 4083 1096 4129 ll.

108 4189 163 4239 pag.
184 4173 243 4221 110.
651 4164 658 4181 '
