2892 5042
813 514 854 576 68

342 688 681 764 oamae'tribuendum
711 696 766 774 sit,
798 715 888 781 saepe
917 693 994 758 adeo
1023 693 1158 779 capitum
1188 691 1329 755 rubricas

340 811 433 895 longe
461 809 552 893 plura
574 808 737 894 polliceri,
768 828 864 893 quam
892 807 964 892 ipsis
991 804 1184 893 continetur,
1210 804 1253 867 ita
1275 812 1327 878 ut,

341 922 396 1008 qui
418 922 554 1008 capitum
584 924 706 986 tantr'rrn
735 919 871 985 indicem
897 917 1078 1004 inspexerit,
1108 915 1204 982 ulium
1234 915 1330 1000 longe

341 1044 523 1099 contentum
545 1033 645 1119 operis
665 1056 731 1098 esse
752 1031 953 1109 existimaret,
974 1053 1011 1097 nc
1033 1028 1138 1094 reveri
1157 1038 1202 1093 est
1223 1030 1234 1115 (
1258 1023 1283 1113 ).

384 1145 506 1211 llaeooe
515 1166 615 1232 quum
627 1145 666 1209 de
677 1165 904 1222 nonrmourvrr
915 1143 995 1229 stylo
1004 1140 1145 1217 dixerim,
1157 1161 1249 1225 opera
1262 1139 1330 1223 ejus

340 1258 457 1342 majora
468 1269 499 1323 et
508 1257 587 1323 seria
601 1259 643 1322 ob
661 1258 767 1322 oculos
787 1255 919 1332 babens,
941 1252 1075 1340 nequid
1093 1251 1247 1316 literariae
1261 1252 1342 1315 lau-r

341 1370 388 1435 dis
406 1370 583 1449 ondttutur,
604 1368 804 1435 memoranda
824 1389 950 1454 quoquo
971 1366 1083 1431 diversi
1102 1364 1223 1453 generis
1239 1385 1330 1448 opus-

342 1484 429 1561 cula,
461 1484 577 1569 quibus
612 1481 783 1549 scribendis
813 1482 912 1547 menti
941 1481 1080 1568 quietem
1108 1488 1272 1565 quaereret
1299 1487 1331 1540 et

342 1593 623 1672 oblectamentum,
650 1595 728 1659 dum
750 1596 939 1682 gravioribus
963 1606 1041 1659 esset
1062 1603 1240 1679 occupatus.
1275 1592 1331 1653 Fa-

339 1705 430 1769 butas
452 1705 594 1791 intelligo
615 1706 776 1769 amatorias
806 1728 860 1769 sen
889 1705 1074 1793 pastoricios.
1118 1706 1237 1769 Harum
1260 1701 1331 1787 pri-

340 1837 428 1879 mum
450 1817 556 1881 locum
578 1815 726 1909 obtinet,
745 1817 833 1903 quod
853 1816 989 1902 scripsit,
1018 1817 1095 1881 dnm
1116 1815 1330 1903 magistratum

339 1927 442 1995 adhuc
473 1940 612 2017 gereret,
649 1927 827 2015 poemation
860 1930 960 1995 solutu
991 1929 1128 1994 oratione
1160 1927 1331 2017 Templum

345 2039 461 2106 Gnidi.
503 2042 604 2116 Huic,
627 2041 674 2105 uti
696 2041 771 2105 lecit
795 2047 1253 2121 o'snnrrunnr,rnronconr1s
1277 2051 1332 2104 aut

340 2173 443 2216 ovron
464 2151 570 2216 laudes
593 2150 865 2247 tribuere-vereor.
895 2155 972 2219 Nam
992 2154 1025 2218 in
1047 2153 1250 2220 describendi
1268 2154 1332 2221 Ve-

339 2264 422 2327 neris
444 2264 516 2329 aula
542 2275 575 2328 et
595 2265 756 2330 narrandis
776 2277 935 2350 pastorum
953 2266 1137 2353 Cypriorum
1156 2267 1345 2351 amoribus,

341 2397 406 2441 non
429 2374 506 2441 adeo
529 2377 683 2441 naturales
702 2389 733 2442 et
753 2377 867 2442 vinidos
885 2377 1023 2444 adlectds
1044 2379 1200 2468 depingit,
1222 2380 1331 2443 verdm

341 2488 496 2588 poeticam
524 2488 611 2555 illam
639 2488 795 2570 indolem,
824 2512 907 2577 quoe
931 2490 1012 2556 fictis
1040 2492 1212 2576 pastoribus
1234 2491 1331 2555 tribui

342 2602 463 2668 soleret.
486 2603 553 2668 Hoc
568 2603 636 2668 leve
647 2613 678 2667 et
691 2603 783 2669 facile
796 2626 893 2690 genus
904 2603 1029 2669 fabulae
1045 2613 1186 2690 tempore
1199 2603 1331 2669 maxime

342 2735 480 2780 rnrnrrrr
499 2716 725 2792 Procuratoris,
752 2715 966 2780 lubentissime
985 2715 1163 2800 legebatur,
1188 2727 1219 2780 et
1236 2726 1332 2780 natu-

343 2845 410 2886 ram
430 2844 467 2885 eo
484 2821 612 2907 depingi
631 2821 800 2886 credebant
818 2822 942 2887 delicati
961 2834 992 2886 et
1015 2827 1153 2911 corrupti
1175 2827 1332 2892 Parisien—

343 2956 398 2999 ses.
428 2934 532 3014 Quam
548 2932 748 2998 artificiosum
764 2945 870 3000 autern
887 2935 919 2999 id
937 2958 1035 3022 genus
1048 2948 1141 3014 esset,
1163 2938 1229 3020 ipse
1247 2960 1332 3002 rron-

257 3122 262 3129 *
344 3067 524 3123 rusoorvrus
542 3045 655 3112 sentire
672 3047 756 3112 visus
774 3058 835 3130 est3
857 3070 956 3135 quum
975 3048 1009 3111 in
1030 3047 1222 3132 praefatione
1236 3047 1332 3134 hujus

343 3351 403 3399 born
414 3355 515 3416 systeme
532 3370 546 3401 r
563 3356 601 3403 e'tl
620 3358 703 3403 nonve
720 3326 778 3404 daris
793 3352 829 3427 les
846 3350 963 3401 bois-’'·-
980 3346 1042 3399 XlV.
1053 3351 1079 3397 ὃς
1099 3347 1138 3397 cll
1155 3347 1206 3395 sant
1222 3345 1332 3396 eroreber

343 3432 506 3489 nnlloscovite
517 3457 576 3506 poor
587 3443 624 3490 lui
640 3443 730 3491 donner
747 3442 779 3491 dn
795 3440 948 3490 sentiment.'’
965 3467 999 3477 -
1014 3440 1077 3489 xtx.
1093 3441 1141 3490 20:
1162 3440 1199 3489 »A
1215 3438 1239 3486 la
1256 3437 1332 3487 Clrioe

343 3531 362 3578 ll
380 3540 416 3578 ost
431 3533 520 3595 permis
537 3531 566 3580 de
583 3532 711 3599 tromper.”
726 3561 761 3572 -
777 3534 838 3583 XIX.
857 3536 901 3581 27:
922 3534 1000 3581 allans
1017 3549 1063 3580 one
1079 3532 1161 3582 netion
1180 3530 1242 3580 libre
1259 3530 1278 3579 il
1295 3540 1332 3580 eat

337 3624 392 3675 »tres
411 3633 513 3671 souvent
536 3623 687 3688 indifftrent,
707 3642 753 3692 que
770 3625 806 3675 les
827 3623 978 3692 porticuliers
994 3625 1130 3673 rrisonnent
1145 3621 1204 3673 bien
1220 3641 1252 3672 ou
1268 3621 1331 3687 mal3
1429 3632 1430 3651 ¹

344 3715 363 3763 il
380 3713 445 3764 suffit
462 3714 535 3782 qn’ils
553 3718 700 3783 raisonnent3
719 3714 773 3773 dell
789 3729 839 3768 sort
855 3717 879 3767 la
895 3712 1041 3766 libertl’l—
1058 3725 1108 3764 etr·

377 3806 416 3875 [1)
433 3808 577 3858 lactantium
595 3808 712 3876 quandam
731 3811 801 3863 etiam
818 3808 959 3869 cernitcel.
976 3820 1052 3871 nouo,
1072 3808 1184 3857 Ciuilirt.
1195 3808 1333 3873 Mupusin,
1362 3828 1367 3835 ·

343 3900 377 3947 Vl
394 3888 422 3948 ll.¹
451 3900 486 3948 lv
503 3901 570 3952 lleit.
594 3901 684 3970 (Berlin
704 3902 782 3971 1837)
808 3915 845 3952 nv.
859 3901 939 3966 XXX,
956 3915 1011 3965 pag.
1027 3899 1082 3948 oto
1096 3915 1164 3965 sqq„
1179 3900 1205 3947 in
1223 3915 1251 3948 eo
1266 3899 1334 3965 qood

343 3987 402 4038 libri
419 3990 510 4041 xxvtt
527 3992 634 4044 rubricae
660 3995 780 4045 addiderit
800 4004 981 4050 torresourrtus
1006 3990 1065 4039 brec
1091 3987 1176 4038 verba:
1207 3988 1332 4054 Cbups'tre

347 4082 459 4145 Uolquu
480 4083 544 4150 qnod
563 4095 618 4135 rnre
635 4103 689 4137 enm
706 4104 775 4139 nemo
792 4088 890 4138 lecerat.
923 4085 969 4136 lies
986 4082 1064 4146 magni
1082 4081 1196 4130 momenti
1213 4095 1264 4130 esse
1281 4098 1333 4132 non

292 4189 295 4193 ’
343 4172 447 4223 ridetur.
1026 4181 1028 4184 ⁴
