2892 5042
585 532 626 589 25

108 692 215 781 tehat;
240 716 271 767 et
286 705 422 768 iaoetum
443 705 638 770 solummodo
658 707 833 792 ingenium,
856 729 919 793 quo
939 708 1033 773 utino
1048 708 1097 771 his

107 817 285 881 defectibus
315 815 489 900 subpleret,
518 818 663 882 nonnulli
696 820 730 882 in
758 840 997 899 nosnmonrrso
1025 838 1096 885 ‹tor-

105 939 188 992 nunt
213 926 272 1016 (l).
869 1014 871 1017 Ι
928 992 931 997 .

31 1042 32 1045 ’
150 1039 219 1105 Hac
240 1052 347 1104 autem
362 1040 401 1103 de
413 1063 447 1102 re
465 1040 683 1105 affirmandum
703 1053 791 1125 puto,
806 1043 921 1128 partim
932 1044 1096 1119 falsamne,

59 1202 64 1210 .
106 1174 189 1236 quae
212 1151 417 1228 adferuntur,
438 1153 563 1238 partim,
578 1153 635 1216 ubi
651 1174 670 1217 a
689 1154 778 1217 soliti
797 1153 945 1219 methodo
964 1176 1099 1231 recesse-

107 1263 149 1324 rit
162 1284 431 1359 nonnusousvrns,
445 1282 508 1328 nou
521 1286 558 1328 ex
574 1287 689 1342 errore,
705 1265 760 1330 sed
772 1268 913 1331 oonsulth
927 1267 971 1330 ita
990 1267 1099 1352 egisse,

104 1375 239 1459 perinde
268 1387 363 1461 atque
396 1399 488 1461 supra
512 1378 559 1454 (G.
587 1379 602 1440 l
651 1382 728 1464 54)
751 1378 792 1443 de
820 1382 899 1466 stylo
928 1391 959 1445 ct
980 1378 1101 1443 ratione

105 1487 234 1571 singula
257 1501 442 1572 argumenta
463 1488 637 1571 explicandi
656 1488 799 1554 vidimus.
832 1490 869 1552 ld
888 1492 962 1552 verh
984 1510 1036 1551 me
1057 1488 1101 1550 ei·

104 1599 217 1663 lesisse
238 1599 377 1684 praelio,
404 1599 429 1662 si
448 1600 582 1683 probare
601 1601 774 1684 potuerim3
1056 1680 1060 1687 Ι

107 1766 110 1769 ,
155 1713 200 1774 1⁰.
241 1712 288 1774 Eo
319 1710 428 1775 ordine
451 1710 593 1775 exhiheri
611 1712 695 1776 varia
713 1722 916 1798 argumenta,
949 1710 1005 1797 qui
1023 1730 1099 1793 pro-

30 1879 33 1886 .
107 1821 201 1906 positi
224 1821 424 1905 amplitudini
447 1824 644 1901 conveniret3
984 1819 991 1837 “

154 1936 202 1997 2⁰.
242 1933 488 2009 Mounesoor'vro
518 1955 583 1995 non
610 1931 655 1996 ita
678 1933 821 1997 confusas
844 1932 938 1996 fnisse
959 1939 1102 2003 notiones

108 2044 148 2108 de
168 2044 305 2120 ethices,
325 2043 484 2128 politices,
508 2053 539 2106 et
551 2042 632 2126 juris
651 2041 782 2122 finibus3

154 2161 202 2220 3⁰.
236 2154 354 2219 Placita
373 2153 558 2220 universalia
574 2154 628 2218 illa
648 2154 829 2239 exprobrata
849 2155 937 2236 adeo,
953 2160 1103 2228 secundo·

108 2267 193 2332 rium
211 2268 334 2333 tantum
355 2269 462 2332 locum
482 2267 516 2331 in
534 2267 679 2332 Auctoris
698 2267 837 2332 consiliis
854 2269 1046 2349 obtinuisse;

108 2431 112 2436 .
154 2384 201 2444 4⁰.
240 2378 431 2457 Adtendm,
452 2401 534 2464 quae
554 2379 654 2444 critici
680 2379 844 2449 disdrede
859 2382 999 2464 ejusdem
1020 2384 1102 2450 mali

111 2491 174 2555 lide
190 2493 228 2558 in
250 2490 447 2555 citationibus
468 2500 500 2552 ct
519 2490 607 2553 iactis
628 2488 807 2573 allegandis.

595 2691 622 2751 l.

151 2824 238 2890 Ordo
257 2824 353 2911 igitur
372 2825 405 2886 in
421 2843 514 2906 opere
537 2821 579 2887 de
595 2820 722 2915 Legum
742 2821 887 2912 Ingenio
906 2836 942 2891 ut
964 2846 1104 2891 servare-

112 2947 180 3014 tur,
205 2938 283 3002 tanti
303 2936 457 3001 momenti
483 2935 587 2999 visum
604 2945 650 2998 est
676 2935 822 3014 ductori,
846 2946 882 3001 ut
907 2937 995 3003 initio
1020 2961 1103 3004 nor-

111 3069 197 3113 mam
221 3049 279 3112 sibi
306 3047 554 3131 praescripserit,
587 3045 673 3110 unde
700 3048 750 3110 vis
772 3050 944 3134 quicquam
968 3049 1103 3117 deflexit.
1188 3102 1192 3113 .

113 3160 207 3239 Quod
224 3170 261 3222 ut
281 3159 480 3222 manifestum
501 3156 559 3232 sit,
583 3156 725 3234 sufficiat,
747 3172 845 3225 unam
873 3159 927 3225 hio
941 3159 1105 3242 periodum

149 3369 187 3438 (1)
206 3367 335 3417 Consilium
352 3369 404 3415 scre
422 3364 546 3430 ejusmodi,
566 3363 645 3430 quale,
663 3364 786 3414 scribendo
802 3380 872 3429 opere
890 3366 920 3414 ds
934 3366 1104 3435 Iup-Legum,

112 3471 242 3510 exsecutus
260 3470 311 3521 est,
329 3460 436 3508 invenire
454 3456 577 3522 potuisis
594 3456 690 3521 Anglici
706 3454 840 3522 philosophi
858 3472 879 3507 r.
893 3470 992 3506 sroorus
1003 3460 1104 3526 scriptis,

113 3570 174 3620 quae
189 3571 218 3602 an
241 3553 313 3616 norit,
333 3550 414 3600 nullus
434 3547 526 3598 dubito.
558 3549 611 3597 llic
631 3549 703 3612 enim,
718 3551 843 3612 prooemio
859 3548 889 3598 ad
906 3549 1054 3599 Tractatum
1075 3551 1105 3600 do

113 3646 239 3696 Fontibus
250 3646 325 3712 juris
345 3660 387 3692 seu
404 3642 499 3708 hepone
517 3644 592 3707 lepos,
612 3639 740 3689 desiderari
756 3642 790 3690 sit
801 3642 949 3708 scriptorem,
966 3644 1008 3707 qni
1027 3643 1054 3689 ei
1066 3657 1106 3691 ra·

115 3738 179 3787 tione
198 3736 263 3801 leges
280 3738 420 3799 intueatur,
439 3743 468 3783 ut
485 3733 596 3783 conciliet
614 3732 681 3782 ictos
699 3749 790 3798 semper
808 3732 838 3781 de
863 3735 919 3797 jure
935 3732 1037 3796 positivo
1056 3730 1106 3778 sol·

113 3826 206 3889 licitos,
229 3839 254 3877 et
276 3826 428 3893 philosophos
449 3841 518 3890 saepe
535 3823 565 3872 ab
583 3840 626 3872 usu
644 3832 735 3872 remota
751 3830 876 3886 praecepto
889 3820 980 3869 dantes.
1013 3816 1105 3869 lhidem

118 3920 141 3967 S.
161 3920 185 3984 1,
208 3919 290 3985 aphor.
307 3918 368 3968 Vlll
393 3927 419 3967 et
435 3916 459 3964 S.
477 3917 514 3977 V,
531 3914 613 3979 apher.
631 3913 718 3971 XLVI,
744 3910 862 3958 sententia
884 3909 1013 3972 iuvenitur,
1034 3925 1104 3975 quam

116 4011 267 4073 praescieris
288 4010 364 4057 tuitus
385 4014 420 4054 est
435 4004 534 4067 lioster;
555 4003 624 4064 cujus
646 4003 704 4049 item
718 3998 782 4063 mlii
801 3998 875 4047 xm
890 3999 920 4048 dc
935 4000 1026 4066 Loqom
1046 4019 1105 4053 coss-

114 4099 232 4158 foctr'onc
257 4095 332 4145 multa
352 4093 426 4143 hahet
449 4106 552 4157 congrua
573 4101 671 4137 sicoris
698 4087 791 4154 hoyum
810 4089 923 4155 lapidos,
942 4091 968 4141 S.
982 4092 1015 4142 11
1032 4102 1057 4144 et
1073 4094 1103 4141 ll.
1163 4092 1166 4097 “
1250 4088 1253 4097 “

122 4190 159 4239 Gi.
177 4188 260 4249 idem,
279 4189 308 4237 dc
326 4186 467 4251 soporantis
485 4184 665 4241 scientiarum,
683 4183 711 4232 l.
730 4182 801 4243 Vlll,
820 4201 840 4232 o.
860 4184 885 4231 3.
