2892 5042
575 510 626 578 ,53

110 688 275 753 Franciam
302 685 537 761 inveherentur,
567 705 703 769 quorum
726 685 869 749 nonnulli
892 688 959 770 ejus
982 690 1097 753 tenoris

109 810 200 876 sunt,
224 810 260 863 ut
281 797 373 863 bodie
395 797 444 861 rix
466 796 687 884 intelligamus,
710 817 793 882 quae
811 798 912 869 metris
927 797 1100 864 eansafue-

112 912 162 976 rit.
184 911 291 991 Quum
312 922 416 975 tamen
435 910 477 975 ita
498 910 538 975 ad
557 910 687 974 lectores
708 910 906 994 pervenirent
920 910 992 973 libri
1007 901 1101 988 noxii,

109 1023 192 1087 varia
211 1021 438 1089 adhibebantur
461 1022 598 1087 remedia
618 1044 636 1087 a
656 1021 740 1085 clero
761 1021 926 1103 catholico;
949 1023 983 1086 in
997 1025 1100 1088 Fran-

109 1135 158 1201 oia
180 1157 417 1221 nonnumquam
438 1136 518 1199 liber
537 1156 633 1199 manu
651 1135 803 1201 carnificis
821 1137 1028 1214 cremabatur,
1053 1136 1101 1200 uti

41 1242 44 1249 '
103 1247 223 1335 ¹obtigit
237 1250 349 1312 literis
362 1248 523 1336 Anglt'ois
534 1269 688 1313 voumnn
710 1259 741 1312 et
753 1249 965 1333 compluribus
980 1249 1100 1334 scriptis

108 1382 294 1440 noussar113
319 1361 353 1425 in
376 1361 523 1447 Hispauid
544 1361 583 1427 ad
604 1361 703 1425 valvas
720 1361 921 1435 ecclesiarum
936 1361 1029 1426 index
1046 1361 1100 1427 ad-

110 1470 267 1556 figebatur
290 1473 403 1555 juncto
428 1472 562 1546 monito,
594 1491 700 1533 omnes
729 1472 785 1554 qui
807 1472 865 1535 ista
886 1473 1044 1556 legerent,
1067 1472 1101 1535 in

111 1594 276 1648 aeternum
306 1583 488 1647 damnatum
510 1582 564 1659 iri;
588 1580 793 1666 Portogalliae
816 1604 869 1645 rex
891 1604 1031 1648 rennues
1053 1584 1098 1662 V,

111 1695 168 1780 qni
185 1694 344 1758 monacbis
370 1715 434 1757 sese
458 1702 558 1756 totum
580 1691 723 1769 dederat,
749 1693 843 1758 edixit
864 1717 906 1757 ne
928 1696 999 1781 quis
1021 1695 1101 1760 liber
1174 1756 1180 1765 .

110 1806 263 1892 Anglieus
284 1806 494 1884 inveheretuu
518 1826 677 1869 summum
699 1803 778 1869 adeo
799 1805 975 1873 dementiae
991 1807 1116 1895 adtigit·

105 1919 253 1985 bavariae
272 1920 428 2004 imperans
450 1939 593 1983 canonos
616 1918 658 2005 (V
659 1918 713 2004 ll),
730 1918 785 2003 qui
799 1919 966 1985 monachos
981 1920 1015 1981 in
1032 1920 1101 1984 lini-

108 2031 167 2099 bus
190 2032 324 2118 regionis
347 2030 568 2113 committebat,
592 2040 627 2092 ut
651 2040 682 2093 et
702 2028 797 2094 libros
820 2041 852 2093 et
866 2030 1101 2117 peregrinantes

110 2144 244 2210 examini
272 2142 475 2225 subjicerent,
505 2165 552 2218 ac,
579 2142 605 2206 si
624 2163 687 2226 qua
708 2141 812 2226 opinio
835 2141 922 2207 Fidei
943 2143 1099 2208 contraria

107 2252 322 2331 inveheretur,
345 2255 440 2318 libros
460 2255 695 2330 comburerent,
717 2252 859 2319 homines
881 2256 915 2317 in
940 2276 1098 2320 carcerem

108 2366 317 2451 conjicerent,
342 2367 446 2430 *donec
471 2367 661 2449 abjurassent
691 2363 751 2453 (1)
796 2365 994 2450 Experientia
1023 2390 1100 2451 pro-

105 2479 208 2555 bavit,
246 2483 309 2566 qub
339 2479 437 2563 magis
467 2475 580 2542 talibus
608 2476 752 2541 remediis
784 2489 912 2542 utantur
944 2479 1099 2564 principes

109 2590 150 2656 ad
170 2588 400 2672 impediendam
420 2587 548 2651 dicendi
569 2588 755 2663 libertatem,
780 2592 817 2652 eb
838 2592 937 2673 magis
948 2590 1101 2655 liberiori-

109 2681 169 2768 bus
198 2711 228 2764 et
256 2699 467 2764 condemnatis
495 2698 616 2783 placitis
647 2697 795 2764 delectari
824 2697 990 2765 homines'
1021 2703 1100 2768 Vani

109 2814 205 2901 igitur
234 2818 322 2877 erant
347 2811 499 2896 ejusmodi
525 2812 668 2889 conatus,
699 2811 752 2875 sed
781 2813 947 2899 aliquando
975 2813 1027 2880 hic
1048 2815 1098 2879 rel

108 2925 172 3002 ille,
196 2926 249 2989 cui
270 2925 381 2989 infensi
404 2936 492 2989 crant
510 2934 662 3009 potentes,
686 2945 800 3007 poenas
822 2925 915 2991 dabat
936 2927 985 2990 rel
1001 2927 1096 2992 literis

108 3037 245 3124 sigillatis
268 3037 431 3102 consilium
454 3035 590 3101 abeundi
611 3035 795 3120 accipiebat.
835 3039 883 3101 Ita
904 3060 969 3102 sese
992 3039 1098 3103 eccle-

107 3150 171 3216 siae
202 3161 256 3214 aut
288 3150 454 3234 imperanti
484 3169 640 3232 opponere
668 3148 762 3234 longe
791 3149 896 3214 aberat
923 3149 964 3213 ab
993 3150 1097 3214 indole

108 3283 348 3338 nonomomrrr.
760 3248 765 3257 ‘

153 3374 264 3440 Notavi
278 3374 345 3457 jam
364 3372 531 3456 praecipua
545 3367 699 3456 quaedam
716 3368 756 3432 de
771 3371 877 3435 aetatis
892 3370 1098 3456 opinionibus,

109 3486 174 3572 qud
188 3485 316 3570 ‘scripsit
335 3504 601 3561 uournsourvrus,
626 3493 656 3545 et
681 3502 716 3547 ea
737 3482 882 3568 quidem,
907 3505 987 3570 quae
1011 3506 1097 3549 con-

107 3608 166 3675 stat
194 3599 327 3662 maxime
353 3598 400 3661 illi
427 3597 467 3661 ob
493 3597 598 3662 oculos
632 3595 795 3676 cecidisse;
818 3598 884 3681 jam
915 3599 1096 3683 priusquam

108 3722 261 3778 transeam
285 3709 324 3774 ad
348 3732 399 3787 ea,
429 3732 510 3796 quae
534 3709 648 3793 scripto
682 3708 839 3786 condidit,
869 3708 1095 3793 dicendaputo

104 3883 330 3893 -ι-ι--υ-α

140 3989 177 4057 (1)
195 3991 321 4038 Sermusa
338 3991 377 4049 ll„
387 4004 441 4055 pag,
456 3989 520 4051 2³6,
534 3989 593 4035 ott.
630 3987 749 4048 Brutum,
765 3985 844 4032 Ποία
861 3985 921 4032 door
936 3983 1088 4054 Fronlrrp'lr,
1139 4003 1142 4007 ’

105 4084 203 4151 Spoaje
219 4098 250 4131 an
266 4084 400 4147 Portugot,
413 4079 480 4129 tirtel
494 4078 538 4140 25,
555 4078 599 4129 66.
634 4076 781 4141 merorem,
798 4076 840 4124 via
861 4077 891 4125 de
909 4089 1028 4127 votrrrre
1039 4077 1093 4144 (ed.

104 4178 175 4225 llrnx.
193 4171 271 4236 18²7)
288 4189 340 4239 pag.
352 4173 411 4221 149.
