2892 5042
803 526 846 588 tt

335 714 430 782 curib
444 712 648 778 belliratuum
665 722 768 777 motae
780 711 857 786 sint,
873 708 976 794 potius
992 705 1071 770 illud
1087 706 1237 790 vituperio
1250 704 1335 789 ipsiu

242 834 245 839 '
336 826 493 902 habitatur,
518 824 604 911 quod
623 827 764 889 ninu‘um
781 823 941 889 doctrinae
962 820 1083 908 positivi
1098 820 1178 905 juris
1197 830 1229 883 et
1248 819 1334 904 legis

258 954 262 963 ’
336 932 438 1001 serbis
468 934 640 1000 tribuerent
662 932 721 1024 (1).
765 935 862 1001 Causa
893 933 939 998 rei
965 933 1042 999 haec
1066 932 1161 997 finisse
1187 930 1333 1005 ridetur,

339 1048 426 1135 quod
450 1047 573 1134 judices
592 1047 638 1112 illi
663 1047 697 1112 in
722 1047 920 1134 parlamentis
942 1045 1081 1111 sedentes
1101 1046 1205 1109 minus
1223 1043 1331 1128 impe-

337 1161 422 1227 sinu
439 1182 549 1246 parere
567 1160 732 1240 deberent,
754 1178 851 1248 quam
869 1160 923 1225 ulii
940 1158 1092 1238 officiarii3
1105 1157 1224 1247 quoda
1243 1167 1335 1220 tene-

339 1274 383 1339 ris
411 1274 484 1339 inde
514 1274 550 1337 iia
576 1272 788 1340 inculcaretur
814 1272 954 1359 collegii,
986 1273 1019 1334 in
1041 1271 1131 1355 cujus
1148 1270 1251 1333 sinum
1268 1266 1336 1332 ad-
1422 1254 1424 1263 ’

340 1386 485 1452 mittendi
501 1398 619 1464 esseut,
645 1362 831 1465 reverentii3
850 1384 975 1449 tandem
996 1382 1080 1468 quod
1096 1403 1189 1446 sensu
1203 1380 1334 1446 boemis

340 1499 383 1565 ita
399 1500 545 1578 excitato,
565 1499 696 1583 juvenes
714 1512 818 1589 togam
838 1498 1019 1573 induentes,
1035 1495 1140 1561 arduis
1157 1496 1250 1559 simul
1265 1505 1332 1558 ter·

267 1681 270 1688 ,
311 1592 434 1677 'minis
452 1624 666 1697 separarentur
694 1614 736 1677 ab
758 1612 855 1676 alteri
881 1610 973 1675 armis
999 1608 1147 1693 occupati
1165 1609 1334 1691 juventute

341 1722 450 1787 nobili.
508 1723 620 1798 Porro,
644 1722 812 1808 quominus
837 1721 971 1809 indignis
1004 1722 1150 1788 celerent
1181 1741 1333 1795 munera,

341 1831 530 1918 impediebat
550 1833 675 1898 sortasse
693 1834 745 1918 jus
757 1835 885 1922 regibus
902 1836 1037 1913 salvum,
1059 1834 1177 1898 irritam
1194 1831 1334 1897 emendi
1356 1806 1361 1817 ¹

289 1942 303 1981 ·'
339 1945 527 2026 cessionem,
550 1947 624 2012 licet
642 1948 712 2012 rard
726 1945 899 2012 admodum
917 1971 954 2014 eo
978 1959 1151 2012 uterentur.
1339 2030 1341 2035 Ι

387 2059 513 2125 Scilicet
525 2059 773 2146 distinguebatur
791 2063 930 2126 muneris
947 2059 1115 2125 substantia
1126 2059 1174 2147 (lo
1184 2057 1329 2148 fimiter)

341 2182 375 2236 et
394 2171 502 2235 titulus
529 2172 572 2252 (le
598 2172 705 2257 titre).
752 2174 809 2239 llla
835 2186 889 2238 aut
917 2173 1019 2249 vario,
1052 2180 1106 2238 aut
1131 2173 1192 2237 liro
1212 2171 1328 2256 pretio,

343 2282 535 2362 venditione,
568 2280 749 2363 donatione,
789 2286 980 2352 successione
1011 2286 1276 2351 transmittebatur
1300 2296 1330 2348 et

342 2396 523 2461 'continebat
534 2398 587 2483 jus
606 2399 732 2484 petendi
747 2422 766 2464 a
785 2400 860 2465 fisco
878 2421 947 2464 eam
968 2418 1137 2476 summam,
1161 2420 1256 2486 quam
1268 2398 1330 2482 pri·

343 2528 415 2574 mus
432 2511 572 2577 muneris
594 2524 693 2577 emtor
709 2513 743 2577 in
763 2511 946 2579 cancellarii
966 2513 1076 2579 mantis
1090 2512 1271 2603 contulerat.
1301 2506 1331 2574 ls

344 2635 469 2703 autem,
505 2625 557 2691 cui
584 2626 751 2692 substantia
772 2626 909 2691 muueris
930 2626 1106 2712 obtingeret
1124 2626 1258 2690 emtione
1276 2635 1330 2688 aut

344 2738 501 2823 cessione,
524 2739 684 2807 acedente
703 2740 796 2802 simul
815 2738 985 2820 accipiebat
999 2742 1268 2826 procurationem
1283 2738 1332 2802 ad

300 2870 304 2878 ’
346 2849 603 2937 resignandum,
633 2870 714 2933 quae
738 2848 929 2912 Cancellario
947 2847 1117 2915 offerretur.
1163 2851 1230 2914 Rex
1251 2851 1331 2915 intra

344 2966 366 3030 8
391 2961 455 3026 dies
477 2970 531 3024 aut
561 2981 675 3023 munus
698 2957 902 3024 oonfirmabat
922 2960 952 3024 ei
972 2962 1028 3047 qui
1048 2963 1256 3048 acquisiisset,
1277 2976 1331 3028 aut

341 3074 473 3159 jubebat
500 3067 562 3157 ipsi
592 3072 667 3136 solvi
688 3094 705 3134 e
729 3071 822 3149 iisco,
845 3085 997 3159 quantum
1018 3074 1136 3160 primus
1158 3087 1257 3141 emtor
1274 3098 1331 3161 pro

344 3206 476 3250 munero
511 3183 655 3264 dederat3
680 3184 806 3249 titulum
825 3187 1003 3253 conferebat
1019 3188 1080 3254 alii.
1114 3190 1184 3265 „Hie
1207 3189 1331 3254 indern-

345 3319 419 3366 ttem
438 3296 610 3382 praestabat
630 3298 750 3365 fiscum.
797 3299 852 3367 Sin
865 3301 1057 3369 successione
1074 3304 1246 3366 transmissa
1260 3325 1331 3366 mu-

304 3436 315 3442 ·
346 3409 429 3477 neris
448 3410 638 3490 sibonum,
659 3413 743 3478 ilem*
756 3424 875 3497 poterat
893 3414 946 3477 alii
966 3413 1072 3478 titulus
1087 3402 1248 3491 conferri,
1265 3419 1291 3481 1.
1306 3418 1332 3482 si

352 3557 578 3568 ...αισα-Μ

382 3638 420 3709 ll)
437 3641 577 3709 terrim,
601 3643 662 3692 bist.
681 3643 715 3691 de
730 3643 798 3706 port.
819 3640 857 3688 eb.
879 3641 927 3700 14,
945 3639 989 3688 69.
1024 3635 1131 3723 Rariorei
1148 3641 1228 3704 igitur.
1244 3641 1331 3693 abusus

348 3736 440 3785 nonsit
455 3740 525 3802 poeta
541 3747 571 3782 uu
586 3745 701 3795 rieures,
719 3731 762 3779 ubi
777 3733 839 3778 Feb.
858 3731 890 3777 ll.
909 3731 928 3776 4
944 3729 1014 3778 diviti
1031 3729 1089 3780 baec
1105 3731 1204 3782 tribuit:

619 3825 698 3871 »Dans
714 3820 738 3869 la
755 3821 812 3869 ville
829 3820 969 3887 proebaine,

450 3922 569 3973 Aebetons
586 3933 632 3966 une
648 3916 752 3980 charge,
769 3925 794 3963 et
810 3932 894 3983 soyous
909 3916 1035 3983 president.

452 4006 586 4061 Prisident!
605 4007 655 4059 cela
672 4017 731 4056 aaut
746 4006 770 4056 ia
786 4010 870 4074 peine,

452 4104 482 4153 le
500 4101 547 4153 n‘ai
563 4118 603 4168 pas
618 4102 666 4149 t'alt
683 4117 737 4152 mon
754 4099 834 4168 dreit5
851 4107 983 4154 misereo
1000 4123 1054 4156 mon
1071 4118 1154 4171 argent

453 4199 488 4245 0n
507 4192 568 4246 m‘en
585 4193 732 4262 dispemra,
747 4200 857 4263 potsque
874 4201 929 4247 erlo
946 4195 1081 4249 e‘uclte'te.‘’
