<?xml version="1.0" encoding="UTF-8"?>
<!DOCTYPE html PUBLIC "-//W3C//DTD XHTML 1.0 Transitional//EN"
    "http://www.w3.org/TR/xhtml1/DTD/xhtml1-transitional.dtd">
<html xmlns="http://www.w3.org/1999/xhtml" xml:lang="en" lang="en">
 <head>
  <title>
</title>
<meta http-equiv="Content-Type" content="text/html;charset=utf-8" />
  <meta name='ocr-system' content='tesseract 3.04.00' />
  <meta name='ocr-capabilities' content='ocr_page ocr_carea ocr_par ocr_line ocrx_word'/>
</head>
<body>
  <div class='ocr_page' id='page_1' title='image "./speciminisinaug00heemgoog_0251.png"; bbox 0 0 2892 5042; ppageno 0'>
   <div class='ocr_carea' id='block_1_1' title="bbox 602 482 663 544">
    <p class='ocr_par' dir='ltr' id='par_1_1' title="bbox 602 482 663 544">
     <span class='ocr_line' id='line_1_1' title="bbox 602 482 663 544; baseline 0.016 -2"><span class='ocrx_word' id='word_1_1' title='bbox 602 482 663 544; x_wconf 88' lang='lat'>105</span> 
     </span>
    </p>
   </div>
   <div class='ocr_carea' id='block_1_2' title="bbox 65 657 1127 968">
    <p class='ocr_par' dir='ltr' id='par_1_2' title="bbox 65 657 1127 968">
     <span class='ocr_line' id='line_1_2' title="bbox 65 657 1127 741; baseline -0.002 -19"><span class='ocrx_word' id='word_1_2' title='bbox 65 658 71 684; x_wconf 79' lang='lat'><em>³</em></span> <span class='ocrx_word' id='word_1_3' title='bbox 143 657 199 722; x_wconf 78' lang='lat' dir='ltr'>illa</span> <span class='ocrx_word' id='word_1_4' title='bbox 220 680 237 720; x_wconf 88' lang='lat' dir='ltr'>a</span> <span class='ocrx_word' id='word_1_5' title='bbox 257 657 405 723; x_wconf 78' lang='lat' dir='ltr'>doctrinis</span> <span class='ocrx_word' id='word_1_6' title='bbox 423 659 654 738; x_wconf 81' lang='lat' dir='ltr'>mercantilium</span> <span class='ocrx_word' id='word_1_7' title='bbox 674 661 826 741; x_wconf 76' lang='lat' dir='ltr'>priorum.</span> <span class='ocrx_word' id='word_1_8' title='bbox 864 657 1048 734; x_wconf 83' lang='lat' dir='ltr'>Videamus,</span> <span class='ocrx_word' id='word_1_9' title='bbox 1070 677 1127 724; x_wconf 86' lang='lat' dir='ltr'>cur</span> 
     </span>
     <span class='ocr_line' id='line_1_3' title="bbox 87 769 1127 855; baseline 0 -21"><span class='ocrx_word' id='word_1_10' title='bbox 87 847 89 850; x_wconf 16' lang='grc' dir='ltr'>Ι</span> <span class='ocrx_word' id='word_1_11' title='bbox 143 780 248 834; x_wconf 80' lang='lat' dir='ltr'>tamen</span> <span class='ocrx_word' id='word_1_12' title='bbox 260 792 328 834; x_wconf 88' lang='lat' dir='ltr'>non</span> <span class='ocrx_word' id='word_1_13' title='bbox 348 782 469 834; x_wconf 86' lang='lat' dir='ltr'>tantum</span> <span class='ocrx_word' id='word_1_14' title='bbox 491 771 678 855; x_wconf 89' lang='lat' dir='ltr'>praestiterit</span> <span class='ocrx_word' id='word_1_15' title='bbox 697 770 737 835; x_wconf 94' lang='lat' dir='ltr'>de</span> <span class='ocrx_word' id='word_1_16' title='bbox 752 769 812 835; x_wconf 74' lang='lat' dir='ltr'>hirc</span> <span class='ocrx_word' id='word_1_17' title='bbox 828 770 956 835; x_wconf 72' lang='lat' dir='ltr'>scientiis</span> <span class='ocrx_word' id='word_1_18' title='bbox 976 771 1127 846; x_wconf 78' lang='lat' dir='ltr'>universe,</span> 
     </span>
     <span class='ocr_line' id='line_1_4' title="bbox 143 883 804 968; baseline 0.008 -23"><span class='ocrx_word' id='word_1_19' title='bbox 143 893 296 965; x_wconf 87' lang='lat' dir='ltr'>quantum</span> <span class='ocrx_word' id='word_1_20' title='bbox 316 883 431 948; x_wconf 79' lang='lat' dir='ltr'><strong>haecce</strong></span> <span class='ocrx_word' id='word_1_21' title='bbox 454 885 597 968; x_wconf 83' lang='lat' dir='ltr'>polliceri</span> <span class='ocrx_word' id='word_1_22' title='bbox 615 883 804 950; x_wconf 62' lang='lat' dir='ltr'>riderentur·</span> 
     </span>
    </p>
   </div>
   <div class='ocr_carea' id='block_1_3' title="bbox 617 1134 648 1195">
    <p class='ocr_par' dir='ltr' id='par_1_3' title="bbox 617 1134 648 1195">
     <span class='ocr_line' id='line_1_5' title="bbox 617 1134 648 1195; baseline 0 0"><span class='ocrx_word' id='word_1_23' title='bbox 617 1134 648 1195; x_wconf 84' lang='lat' dir='ltr'>G.</span> 
     </span>
    </p>
   </div>
   <div class='ocr_carea' id='block_1_4' title="bbox 317 1255 948 1344">
    <p class='ocr_par' dir='ltr' id='par_1_4' title="bbox 317 1255 948 1344">
     <span class='ocr_line' id='line_1_6' title="bbox 317 1255 948 1344; baseline 0 -13"><span class='ocrx_word' id='word_1_24' title='bbox 317 1255 565 1344; x_wconf 40' lang='lat' dir='ltr'>‘Monrasomvn</span> <span class='ocrx_word' id='word_1_25' title='bbox 588 1288 723 1332; x_wconf 83' lang='lat' dir='ltr'>errores</span> <span class='ocrx_word' id='word_1_26' title='bbox 746 1265 948 1332; x_wconf 78' lang='lat' dir='ltr'><em>oeconomici.</em></span> 
     </span>
    </p>
   </div>
   <div class='ocr_carea' id='block_1_5' title="bbox 114 1443 1130 2771">
    <p class='ocr_par' dir='ltr' id='par_1_5' title="bbox 140 1443 1130 1868">
     <span class='ocr_line' id='line_1_7' title="bbox 187 1443 1130 1532; baseline -0.003 -21"><span class='ocrx_word' id='word_1_27' title='bbox 187 1448 346 1523; x_wconf 88' lang='lat' dir='ltr'>Errorum,</span> <span class='ocrx_word' id='word_1_28' title='bbox 359 1447 398 1510; x_wconf 90' lang='lat' dir='ltr'>de</span> <span class='ocrx_word' id='word_1_29' title='bbox 407 1447 521 1532; x_wconf 85' lang='lat' dir='ltr'>quihus</span> <span class='ocrx_word' id='word_1_30' title='bbox 528 1447 596 1528; x_wconf 89' lang='lat' dir='ltr'>jam</span> <span class='ocrx_word' id='word_1_31' title='bbox 604 1445 763 1531; x_wconf 84' lang='lat' dir='ltr'>agendum</span> <span class='ocrx_word' id='word_1_32' title='bbox 775 1456 831 1522; x_wconf 91' lang='lat' dir='ltr'>est,</span> <span class='ocrx_word' id='word_1_33' title='bbox 843 1468 936 1509; x_wconf 88' lang='lat' dir='ltr'>causa</span> <span class='ocrx_word' id='word_1_34' title='bbox 947 1443 1024 1508; x_wconf 90' lang='lat' dir='ltr'>mihi</span> <span class='ocrx_word' id='word_1_35' title='bbox 1037 1444 1130 1508; x_wconf 81' lang='lat' dir='ltr'>saissa</span> 
     </span>
     <span class='ocr_line' id='line_1_8' title="bbox 142 1557 1130 1644; baseline -0.002 -22"><span class='ocrx_word' id='word_1_36' title='bbox 142 1559 281 1636; x_wconf 83' lang='lat' dir='ltr'>ridetur,</span> <span class='ocrx_word' id='word_1_37' title='bbox 305 1558 391 1644; x_wconf 91' lang='lat' dir='ltr'>quod</span> <span class='ocrx_word' id='word_1_38' title='bbox 409 1580 661 1635; x_wconf 80' lang='lat' dir='ltr'>uonrasonrmns</span> <span class='ocrx_word' id='word_1_39' title='bbox 685 1558 760 1623; x_wconf 90' lang='lat' dir='ltr'>Oec.</span> <span class='ocrx_word' id='word_1_40' title='bbox 784 1557 944 1642; x_wconf 75' lang='lat' dir='ltr'>politicam</span> <span class='ocrx_word' id='word_1_41' title='bbox 967 1577 1130 1642; x_wconf 63' lang='lat' dir='ltr'>nunquam,</span> 
     </span>
     <span class='ocr_line' id='line_1_9' title="bbox 141 1672 1130 1756; baseline -0.001 -20"><span class='ocrx_word' id='word_1_42' title='bbox 141 1693 200 1736; x_wconf 89' lang='lat' dir='ltr'>eeu</span> <span class='ocrx_word' id='word_1_43' title='bbox 217 1672 408 1755; x_wconf 82' lang='lat' dir='ltr'>peculiarem</span> <span class='ocrx_word' id='word_1_44' title='bbox 422 1672 615 1756; x_wconf 84' lang='lat' dir='ltr'>disciplinam</span> <span class='ocrx_word' id='word_1_45' title='bbox 635 1673 795 1749; x_wconf 90' lang='lat' dir='ltr'>habuerit,</span> <span class='ocrx_word' id='word_1_46' title='bbox 816 1672 869 1736; x_wconf 88' lang='lat' dir='ltr'>sed</span> <span class='ocrx_word' id='word_1_47' title='bbox 890 1684 1039 1756; x_wconf 83' lang='lat' dir='ltr'><strong>tanquam</strong></span> <span class='ocrx_word' id='word_1_48' title='bbox 1053 1692 1130 1755; x_wconf 90' lang='lat' dir='ltr'>par-</span> 
     </span>
     <span class='ocr_line' id='line_1_10' title="bbox 140 1783 1129 1868; baseline -0.002 -20"><span class='ocrx_word' id='word_1_49' title='bbox 140 1793 203 1848; x_wconf 88' lang='lat' dir='ltr'>tem</span> <span class='ocrx_word' id='word_1_50' title='bbox 234 1783 341 1868; x_wconf 86' lang='lat' dir='ltr'>legum</span> <span class='ocrx_word' id='word_1_51' title='bbox 367 1783 565 1849; x_wconf 88' lang='lat' dir='ltr'>ferendarum</span> <span class='ocrx_word' id='word_1_52' title='bbox 590 1785 753 1862; x_wconf 78' lang='lat' dir='ltr'>scientiae,</span> <span class='ocrx_word' id='word_1_53' title='bbox 781 1807 876 1850; x_wconf 88' lang='lat' dir='ltr'>curae</span> <span class='ocrx_word' id='word_1_54' title='bbox 897 1783 1057 1848; x_wconf 86' lang='lat' dir='ltr'>aediliciae</span> <span class='ocrx_word' id='word_1_55' title='bbox 1078 1783 1129 1847; x_wconf 87' lang='lat' dir='ltr'>vel</span> 
     </span>
    </p>

    <p class='ocr_par' dir='ltr' id='par_1_6' title="bbox 114 1894 1130 2095">
     <span class='ocr_line' id='line_1_11' title="bbox 114 1894 1130 1979; baseline -0.002 -21"><span class='ocrx_word' id='word_1_56' title='bbox 114 1894 375 1972; x_wconf 78' lang='lat' dir='ltr'>&#39;administrandi</span> <span class='ocrx_word' id='word_1_57' title='bbox 393 1896 468 1960; x_wconf 86' lang='lat' dir='ltr'>fisci.</span> <span class='ocrx_word' id='word_1_58' title='bbox 503 1898 544 1960; x_wconf 93' lang='lat' dir='ltr'>Ut</span> <span class='ocrx_word' id='word_1_59' title='bbox 562 1896 657 1959; x_wconf 77' lang='lat' dir='ltr'>verbo</span> <span class='ocrx_word' id='word_1_60' title='bbox 684 1896 803 1971; x_wconf 87' lang='lat' dir='ltr'>dicam,</span> <span class='ocrx_word' id='word_1_61' title='bbox 838 1896 922 1979; x_wconf 91' lang='lat' dir='ltr'>quod</span> <span class='ocrx_word' id='word_1_62' title='bbox 953 1894 1130 1959; x_wconf 74' lang='lat' dir='ltr'>confuderit</span> 
     </span>
     <span class='ocr_line' id='line_1_12' title="bbox 134 2007 934 2095; baseline -0.001 -24"><span class='ocrx_word' id='word_1_63' title='bbox 134 2009 315 2095; x_wconf 79' lang='lat' dir='ltr'>politicum</span> <span class='ocrx_word' id='word_1_64' title='bbox 328 2017 435 2072; x_wconf 82' lang='lat' dir='ltr'>ortem</span> <span class='ocrx_word' id='word_1_65' title='bbox 461 2019 492 2071; x_wconf 88' lang='lat' dir='ltr'>et</span> <span class='ocrx_word' id='word_1_66' title='bbox 517 2010 733 2071; x_wconf 80' lang='lat' dir='ltr'>oeconomiam</span> <span class='ocrx_word' id='word_1_67' title='bbox 746 2007 934 2094; x_wconf 79' lang='lat' dir='ltr'>politicam.</span> 
     </span>
    </p>

    <p class='ocr_par' dir='ltr' id='par_1_7' title="bbox 134 2120 1130 2771">
     <span class='ocr_line' id='line_1_13' title="bbox 181 2120 1130 2204; baseline -0.004 -19"><span class='ocrx_word' id='word_1_68' title='bbox 181 2122 226 2185; x_wconf 78' lang='lat' dir='ltr'>Ar</span> <span class='ocrx_word' id='word_1_69' title='bbox 245 2123 320 2184; x_wconf 78' lang='lat' dir='ltr'>vero</span> <span class='ocrx_word' id='word_1_70' title='bbox 336 2121 511 2204; x_wconf 84' lang='lat' dir='ltr'>complures</span> <span class='ocrx_word' id='word_1_71' title='bbox 535 2132 606 2186; x_wconf 90' lang='lat' dir='ltr'>sunt</span> <span class='ocrx_word' id='word_1_72' title='bbox 626 2120 804 2204; x_wconf 83' lang='lat' dir='ltr'>scriptores,</span> <span class='ocrx_word' id='word_1_73' title='bbox 825 2121 881 2202; x_wconf 91' lang='lat' dir='ltr'>qui</span> <span class='ocrx_word' id='word_1_74' title='bbox 907 2129 1028 2195; x_wconf 80' lang='lat' dir='ltr'>vetent,</span> <span class='ocrx_word' id='word_1_75' title='bbox 1050 2138 1130 2202; x_wconf 90' lang='lat' dir='ltr'>quo·</span> 
     </span>
     <span class='ocr_line' id='line_1_14' title="bbox 140 2231 1130 2298; baseline -0.003 -1"><span class='ocrx_word' id='word_1_76' title='bbox 140 2234 245 2298; x_wconf 90' lang='lat' dir='ltr'>minus</span> <span class='ocrx_word' id='word_1_77' title='bbox 271 2233 366 2298; x_wconf 88' lang='lat' dir='ltr'>talem</span> <span class='ocrx_word' id='word_1_78' title='bbox 389 2233 602 2298; x_wconf 82' lang='lat' dir='ltr'>confusionem</span> <span class='ocrx_word' id='word_1_79' title='bbox 627 2233 814 2298; x_wconf 86' lang='lat' dir='ltr'>detrimento</span> <span class='ocrx_word' id='word_1_80' title='bbox 842 2231 954 2296; x_wconf 84' lang='lat' dir='ltr'>cedere</span> <span class='ocrx_word' id='word_1_81' title='bbox 974 2231 1130 2296; x_wconf 81' lang='lat' dir='ltr'>existime-</span> 
     </span>
     <span class='ocr_line' id='line_1_15' title="bbox 140 2344 1128 2433; baseline -0.002 -23"><span class='ocrx_word' id='word_1_82' title='bbox 140 2367 227 2423; x_wconf 87' lang='lat' dir='ltr'>mus,</span> <span class='ocrx_word' id='word_1_83' title='bbox 249 2347 296 2410; x_wconf 90' lang='lat' dir='ltr'>uti</span> <span class='ocrx_word' id='word_1_84' title='bbox 309 2346 530 2433; x_wconf 75' lang='lat' dir='ltr'>plsysiocratiae</span> <span class='ocrx_word' id='word_1_85' title='bbox 548 2357 711 2411; x_wconf 80' lang='lat' dir='ltr'>sectatores</span> <span class='ocrx_word' id='word_1_86' title='bbox 731 2358 761 2409; x_wconf 90' lang='lat' dir='ltr'>et</span> <span class='ocrx_word' id='word_1_87' title='bbox 778 2346 846 2425; x_wconf 87' lang='lat' dir='ltr'>alii,</span> <span class='ocrx_word' id='word_1_88' title='bbox 865 2345 919 2431; x_wconf 87' lang='lat' dir='ltr'>qui</span> <span class='ocrx_word' id='word_1_89' title='bbox 936 2344 1061 2432; x_wconf 82' lang='lat' dir='ltr'>egregia</span> <span class='ocrx_word' id='word_1_90' title='bbox 1077 2365 1128 2408; x_wconf 89' lang='lat' dir='ltr'>oe·</span> 
     </span>
     <span class='ocr_line' id='line_1_16' title="bbox 141 2457 1126 2543; baseline -0.006 -19"><span class='ocrx_word' id='word_1_91' title='bbox 141 2459 302 2534; x_wconf 74' lang='lat' dir='ltr'>eonomine</span> <span class='ocrx_word' id='word_1_92' title='bbox 311 2468 472 2542; x_wconf 80' lang='lat' dir='ltr'>systemata</span> <span class='ocrx_word' id='word_1_93' title='bbox 483 2458 685 2542; x_wconf 82' lang='lat' dir='ltr'>cognoverint</span> <span class='ocrx_word' id='word_1_94' title='bbox 699 2457 845 2543; x_wconf 89' lang='lat' dir='ltr'>quidem,</span> <span class='ocrx_word' id='word_1_95' title='bbox 863 2468 999 2522; x_wconf 84' lang='lat' dir='ltr'>attamen</span> <span class='ocrx_word' id='word_1_96' title='bbox 1010 2457 1126 2532; x_wconf 87' lang='lat' dir='ltr'>nolint,</span> 
     </span>
     <span class='ocr_line' id='line_1_17' title="bbox 134 2567 1126 2654; baseline 0.002 -22"><span class='ocrx_word' id='word_1_97' title='bbox 134 2593 214 2634; x_wconf 81' lang='lat' dir='ltr'>eam</span> <span class='ocrx_word' id='word_1_98' title='bbox 235 2570 409 2653; x_wconf 85' lang='lat' dir='ltr'>sejunctam</span> <span class='ocrx_word' id='word_1_99' title='bbox 433 2591 452 2631; x_wconf 90' lang='lat' dir='ltr'>a</span> <span class='ocrx_word' id='word_1_100' title='bbox 479 2568 606 2650; x_wconf 88' lang='lat' dir='ltr'>reliquis</span> <span class='ocrx_word' id='word_1_101' title='bbox 624 2567 771 2632; x_wconf 91' lang='lat' dir='ltr'>doctrinis</span> <span class='ocrx_word' id='word_1_102' title='bbox 794 2569 928 2652; x_wconf 86' lang='lat' dir='ltr'>politicis</span> <span class='ocrx_word' id='word_1_103' title='bbox 949 2569 1046 2632; x_wconf 82' lang='lat' dir='ltr'>excoli</span> <span class='ocrx_word' id='word_1_104' title='bbox 1068 2568 1126 2654; x_wconf 79' lang='lat'>(1).</span> 
     </span>
     <span class='ocr_line' id='line_1_18' title="bbox 142 2679 1127 2771; baseline -0.005 -23"><span class='ocrx_word' id='word_1_105' title='bbox 142 2685 304 2771; x_wconf 84' lang='lat' dir='ltr'>Namque,</span> <span class='ocrx_word' id='word_1_106' title='bbox 335 2681 378 2744; x_wconf 92' lang='lat' dir='ltr'>ita</span> <span class='ocrx_word' id='word_1_107' title='bbox 403 2680 522 2756; x_wconf 85' lang='lat' dir='ltr'>lerunt,</span> <span class='ocrx_word' id='word_1_108' title='bbox 553 2681 658 2744; x_wconf 70' lang='lat' dir='ltr'>reverit</span> <span class='ocrx_word' id='word_1_109' title='bbox 684 2702 746 2745; x_wconf 84' lang='lat' dir='ltr'>ars</span> <span class='ocrx_word' id='word_1_110' title='bbox 772 2679 987 2768; x_wconf 80' lang='lat' dir='ltr'>gubernandi</span> <span class='ocrx_word' id='word_1_111' title='bbox 1009 2689 1127 2768; x_wconf 79' lang='lat' dir='ltr'>gentes</span> 
     </span>
    </p>
   </div>
   <div class='ocr_carea' id='block_1_6' title="bbox 177 2990 1126 3059">
    <p class='ocr_par' dir='ltr' id='par_1_8' title="bbox 177 2990 1126 3059">
     <span class='ocr_line' id='line_1_19' title="bbox 177 2990 1126 3059; baseline 0 -20"><span class='ocrx_word' id='word_1_112' title='bbox 177 2992 214 3058; x_wconf 88' lang='lat'>(1)</span> <span class='ocrx_word' id='word_1_113' title='bbox 233 2992 326 3040; x_wconf 81' lang='lat' dir='ltr'>Doronr</span> <span class='ocrx_word' id='word_1_114' title='bbox 344 2992 369 3038; x_wconf 89' lang='lat' dir='ltr'>in</span> <span class='ocrx_word' id='word_1_115' title='bbox 388 2993 576 3056; x_wconf 76' lang='lat' dir='ltr'>Physiocrotie‚</span> <span class='ocrx_word' id='word_1_116' title='bbox 596 3009 619 3038; x_wconf 85' lang='lat' dir='ltr'>v.</span> <span class='ocrx_word' id='word_1_117' title='bbox 638 2994 648 3039; x_wconf 96' lang='lat' dir='ltr'>l</span> <span class='ocrx_word' id='word_1_118' title='bbox 667 2993 742 3057; x_wconf 86' lang='lat' dir='ltr'>(disc.</span> <span class='ocrx_word' id='word_1_119' title='bbox 754 2990 879 3059; x_wconf 61' lang='lat' dir='ltr'>prium),</span> <span class='ocrx_word' id='word_1_120' title='bbox 896 3007 952 3057; x_wconf 78' lang='lat' dir='ltr'>pag·</span> <span class='ocrx_word' id='word_1_121' title='bbox 973 2995 1066 3054; x_wconf 61' lang='lat' dir='ltr'>raet,</span> <span class='ocrx_word' id='word_1_122' title='bbox 1079 2992 1126 3040; x_wconf 71' lang='grc' dir='ltr'>ὅδε</span> 
     </span>
    </p>
   </div>
   <div class='ocr_carea' id='block_1_7' title="bbox 147 3080 1232 3147">
    <p class='ocr_par' dir='ltr' id='par_1_9' title="bbox 147 3080 1232 3147">
     <span class='ocr_line' id='line_1_20' title="bbox 147 3080 1232 3147; baseline 0.002 -19"><span class='ocrx_word' id='word_1_123' title='bbox 147 3085 187 3132; x_wconf 80' lang='lat' dir='ltr'>sst</span> <span class='ocrx_word' id='word_1_124' title='bbox 203 3084 237 3130; x_wconf 84' lang='lat' dir='ltr'>les</span> <span class='ocrx_word' id='word_1_125' title='bbox 254 3085 345 3146; x_wconf 80' lang='lat' dir='ltr'>princes</span> <span class='ocrx_word' id='word_1_126' title='bbox 360 3080 573 3145; x_wconf 77' lang='lat' dir='ltr'>s’appliqnaicnti</span> <span class='ocrx_word' id='word_1_127' title='bbox 590 3080 613 3128; x_wconf 89' lang='lat' dir='ltr'>la</span> <span class='ocrx_word' id='word_1_128' title='bbox 631 3082 799 3147; x_wconf 80' lang='lat' dir='ltr'>plrysiocratie,</span> <span class='ocrx_word' id='word_1_129' title='bbox 813 3083 843 3129; x_wconf 87' lang='lat' dir='ltr'>ils</span> <span class='ocrx_word' id='word_1_130' title='bbox 860 3085 1021 3146; x_wconf 85' lang='lat' dir='ltr'>acquerraient</span> <span class='ocrx_word' id='word_1_131' title='bbox 1034 3081 1129 3130; x_wconf 88' lang='lat' dir='ltr'>d&#39;abord</span> <span class='ocrx_word' id='word_1_132' title='bbox 1228 3127 1232 3136; x_wconf 89' lang='grc'><em>,</em></span> 
     </span>
    </p>
   </div>
   <div class='ocr_carea' id='block_1_8' title="bbox 141 3171 1131 3975">
    <p class='ocr_par' dir='ltr' id='par_1_10' title="bbox 141 3171 1131 3975">
     <span class='ocr_line' id='line_1_21' title="bbox 144 3171 1130 3237; baseline 0.001 -17"><span class='ocrx_word' id='word_1_133' title='bbox 144 3189 192 3221; x_wconf 87' lang='lat' dir='ltr'>nne</span> <span class='ocrx_word' id='word_1_134' title='bbox 208 3176 274 3237; x_wconf 85' lang='lat' dir='ltr'>juste</span> <span class='ocrx_word' id='word_1_135' title='bbox 287 3173 448 3220; x_wconf 86' lang='lat' dir='ltr'>connaissance</span> <span class='ocrx_word' id='word_1_136' title='bbox 465 3171 494 3220; x_wconf 89' lang='lat' dir='ltr'>de</span> <span class='ocrx_word' id='word_1_137' title='bbox 512 3171 574 3219; x_wconf 87' lang='lat' dir='ltr'>leurs</span> <span class='ocrx_word' id='word_1_138' title='bbox 590 3172 682 3220; x_wconf 84' lang='lat' dir='ltr'>devoirs</span> <span class='ocrx_word' id='word_1_139' title='bbox 695 3183 719 3220; x_wconf 89' lang='lat' dir='ltr'>et</span> <span class='ocrx_word' id='word_1_140' title='bbox 735 3173 763 3220; x_wconf 82' lang='lat' dir='ltr'>dc</span> <span class='ocrx_word' id='word_1_141' title='bbox 775 3171 839 3220; x_wconf 85' lang='lat' dir='ltr'>leurs</span> <span class='ocrx_word' id='word_1_142' title='bbox 855 3171 955 3220; x_wconf 89' lang='lat' dir='ltr'>droits.&#39;&#39;</span> <span class='ocrx_word' id='word_1_143' title='bbox 980 3190 1005 3221; x_wconf 84' lang='lat' dir='ltr'>v.</span> <span class='ocrx_word' id='word_1_144' title='bbox 1023 3172 1060 3221; x_wconf 87' lang='lat' dir='ltr'>Id.</span> <span class='ocrx_word' id='word_1_145' title='bbox 1071 3172 1130 3221; x_wconf 63' lang='lat' dir='ltr'>ital</span> 
     </span>
     <span class='ocr_line' id='line_1_22' title="bbox 144 3262 1130 3332; baseline -0.003 -16"><span class='ocrx_word' id='word_1_146' title='bbox 144 3266 221 3332; x_wconf 76' lang='lat' dir='ltr'>(Avis</span> <span class='ocrx_word' id='word_1_147' title='bbox 237 3265 306 3330; x_wconf 78' lang='lat' dir='ltr'>etc),</span> <span class='ocrx_word' id='word_1_148' title='bbox 323 3281 376 3329; x_wconf 81' lang='lat' dir='ltr'>pag.</span> <span class='ocrx_word' id='word_1_149' title='bbox 394 3267 430 3313; x_wconf 82' lang='grc'>84</span> <span class='ocrx_word' id='word_1_150' title='bbox 446 3281 510 3330; x_wconf 84' lang='lat' dir='ltr'>sqq.;</span> <span class='ocrx_word' id='word_1_151' title='bbox 530 3264 566 3311; x_wconf 92' lang='lat' dir='ltr'>lll</span> <span class='ocrx_word' id='word_1_152' title='bbox 584 3266 640 3329; x_wconf 68' lang='lat' dir='ltr'>(sur</span> <span class='ocrx_word' id='word_1_153' title='bbox 654 3262 771 3329; x_wconf 78' lang='lat' dir='ltr'>t&#39;oriqs&#39;uo</span> <span class='ocrx_word' id='word_1_154' title='bbox 789 3263 862 3313; x_wconf 66' lang='lat' dir='ltr'>cons</span> <span class='ocrx_word' id='word_1_155' title='bbox 880 3267 978 3313; x_wconf 78' lang='lat' dir='ltr'>aciones</span> <span class='ocrx_word' id='word_1_156' title='bbox 990 3265 1130 3330; x_wconf 67' lang='lat' dir='ltr'>rimosus),</span> 
     </span>
     <span class='ocr_line' id='line_1_23' title="bbox 143 3355 1129 3426; baseline 0 -20"><span class='ocrx_word' id='word_1_157' title='bbox 143 3374 198 3423; x_wconf 84' lang='lat' dir='ltr'>pag.</span> <span class='ocrx_word' id='word_1_158' title='bbox 219 3361 263 3406; x_wconf 82' lang='lat' dir='ltr'>te.</span> <span class='ocrx_word' id='word_1_159' title='bbox 293 3358 399 3418; x_wconf 75' lang='lat' dir='ltr'>Gauron,</span> <span class='ocrx_word' id='word_1_160' title='bbox 417 3358 461 3405; x_wconf 79' lang='lat' dir='ltr'>dee</span> <span class='ocrx_word' id='word_1_161' title='bbox 479 3355 614 3421; x_wconf 79' lang='lat' dir='ltr'>rpstdmcs,</span> <span class='ocrx_word' id='word_1_162' title='bbox 640 3374 665 3407; x_wconf 85' lang='lat' dir='ltr'>v.</span> <span class='ocrx_word' id='word_1_163' title='bbox 684 3357 695 3405; x_wconf 97' lang='lat' dir='ltr'>l</span> <span class='ocrx_word' id='word_1_164' title='bbox 713 3355 794 3425; x_wconf 78' lang='lat' dir='ltr'>(sajet</span> <span class='ocrx_word' id='word_1_165' title='bbox 812 3365 838 3405; x_wconf 79' lang='lat' dir='ltr'>ot</span> <span class='ocrx_word' id='word_1_166' title='bbox 851 3355 981 3422; x_wconf 74' lang='lat' dir='ltr'>division),</span> <span class='ocrx_word' id='word_1_167' title='bbox 998 3374 1051 3423; x_wconf 81' lang='lat' dir='ltr'>pag.</span> <span class='ocrx_word' id='word_1_168' title='bbox 1069 3360 1129 3426; x_wconf 73' lang='lat' dir='ltr'>ecij</span> 
     </span>
     <span class='ocr_line' id='line_1_24' title="bbox 142 3447 1129 3517; baseline 0.003 -21"><span class='ocrx_word' id='word_1_169' title='bbox 142 3467 206 3517; x_wconf 75' lang='lat' dir='ltr'>sqq.;</span> <span class='ocrx_word' id='word_1_170' title='bbox 225 3450 267 3498; x_wconf 89' lang='lat' dir='ltr'>nbi</span> <span class='ocrx_word' id='word_1_171' title='bbox 283 3450 311 3498; x_wconf 90' lang='lat' dir='ltr'>de</span> <span class='ocrx_word' id='word_1_172' title='bbox 328 3450 461 3497; x_wconf 70' lang='lat' dir='ltr'>oeconomici</span> <span class='ocrx_word' id='word_1_173' title='bbox 476 3448 585 3514; x_wconf 79' lang='lat' dir='ltr'>loquens:</span> <span class='ocrx_word' id='word_1_174' title='bbox 607 3448 663 3497; x_wconf 78' lang='lat' dir='ltr'>uses</span> <span class='ocrx_word' id='word_1_175' title='bbox 677 3449 797 3514; x_wconf 86' lang='lat' dir='ltr'>principes</span> <span class='ocrx_word' id='word_1_176' title='bbox 805 3447 830 3513; x_wconf 82' lang='lat'>‚”</span> <span class='ocrx_word' id='word_1_177' title='bbox 848 3452 944 3517; x_wconf 87' lang='lat' dir='ltr'>inquit,</span> <span class='ocrx_word' id='word_1_178' title='bbox 965 3467 1004 3499; x_wconf 84' lang='lat' dir='ltr'>osa</span> <span class='ocrx_word' id='word_1_179' title='bbox 1023 3450 1129 3515; x_wconf 69' lang='lat' dir='ltr'>thimio,</span> 
     </span>
     <span class='ocr_line' id='line_1_25' title="bbox 142 3523 1128 3610; baseline 0.001 -19"><span class='ocrx_word' id='word_1_180' title='bbox 142 3558 167 3591; x_wconf 78' lang='lat' dir='ltr'>sa</span> <span class='ocrx_word' id='word_1_181' title='bbox 186 3542 291 3591; x_wconf 80' lang='lat' dir='ltr'>doctrine</span> <span class='ocrx_word' id='word_1_182' title='bbox 308 3557 336 3590; x_wconf 82' lang='lat' dir='ltr'>so</span> <span class='ocrx_word' id='word_1_183' title='bbox 352 3540 457 3598; x_wconf 75' lang='lat' dir='ltr'>mitent,</span> <span class='ocrx_word' id='word_1_184' title='bbox 473 3557 500 3589; x_wconf 79' lang='lat' dir='ltr'>se</span> <span class='ocrx_word' id='word_1_185' title='bbox 512 3539 675 3605; x_wconf 74' lang='lat' dir='ltr'>censendam,</span> <span class='ocrx_word' id='word_1_186' title='bbox 695 3541 864 3603; x_wconf 76' lang='lat' dir='ltr'>s’s&#39;dontistent</span> <span class='ocrx_word' id='word_1_187' title='bbox 879 3559 935 3592; x_wconf 81' lang='lat' dir='ltr'>avec</span> <span class='ocrx_word' id='word_1_188' title='bbox 950 3544 985 3593; x_wconf 84' lang='lat' dir='ltr'>les</span> <span class='ocrx_word' id='word_1_189' title='bbox 1000 3523 1128 3610; x_wconf 82' lang='lat' dir='ltr'>principes,</span> 
     </span>
     <span class='ocr_line' id='line_1_26' title="bbox 141 3633 1129 3703; baseline -0.001 -19"><span class='ocrx_word' id='word_1_190' title='bbox 141 3634 167 3683; x_wconf 79' lang='lat' dir='ltr'>la</span> <span class='ocrx_word' id='word_1_191' title='bbox 186 3635 279 3684; x_wconf 72' lang='lat' dir='ltr'>theorie</span> <span class='ocrx_word' id='word_1_192' title='bbox 296 3644 321 3683; x_wconf 84' lang='lat' dir='ltr'>et</span> <span class='ocrx_word' id='word_1_193' title='bbox 344 3633 367 3681; x_wconf 89' lang='lat' dir='ltr'>la</span> <span class='ocrx_word' id='word_1_194' title='bbox 387 3633 493 3692; x_wconf 84' lang='lat' dir='ltr'>doctrine</span> <span class='ocrx_word' id='word_1_195' title='bbox 512 3633 542 3682; x_wconf 85' lang='lat' dir='ltr'>de</span> <span class='ocrx_word' id='word_1_196' title='bbox 558 3634 581 3682; x_wconf 87' lang='lat' dir='ltr'>la</span> <span class='ocrx_word' id='word_1_197' title='bbox 599 3634 733 3699; x_wconf 67' lang='lat' dir='ltr'>ligislation</span> <span class='ocrx_word' id='word_1_198' title='bbox 757 3636 875 3703; x_wconf 81' lang='lat' dir='ltr'>polirique</span> <span class='ocrx_word' id='word_1_199' title='bbox 894 3647 919 3685; x_wconf 81' lang='lat' dir='ltr'>et</span> <span class='ocrx_word' id='word_1_200' title='bbox 936 3636 1021 3699; x_wconf 83' lang='lat' dir='ltr'>civile,</span> <span class='ocrx_word' id='word_1_201' title='bbox 1037 3645 1062 3683; x_wconf 88' lang='lat' dir='ltr'>et</span> <span class='ocrx_word' id='word_1_202' title='bbox 1074 3638 1129 3683; x_wconf 69' lang='lat' dir='ltr'>ris·</span> 
     </span>
     <span class='ocr_line' id='line_1_27' title="bbox 142 3724 1130 3791; baseline -0.001 -17"><span class='ocrx_word' id='word_1_203' title='bbox 142 3726 231 3788; x_wconf 69' lang='lat' dir='ltr'>sissent</span> <span class='ocrx_word' id='word_1_204' title='bbox 240 3726 275 3774; x_wconf 83' lang='lat' dir='ltr'>les</span> <span class='ocrx_word' id='word_1_205' title='bbox 285 3743 330 3775; x_wconf 87' lang='lat' dir='ltr'>uns</span> <span class='ocrx_word' id='word_1_206' title='bbox 340 3742 382 3773; x_wconf 85' lang='lat' dir='ltr'>sur</span> <span class='ocrx_word' id='word_1_207' title='bbox 392 3724 428 3774; x_wconf 79' lang='lat' dir='ltr'>les</span> <span class='ocrx_word' id='word_1_208' title='bbox 444 3736 531 3786; x_wconf 81' lang='lat' dir='ltr'>autres,</span> <span class='ocrx_word' id='word_1_209' title='bbox 548 3725 611 3775; x_wconf 86' lang='lat' dir='ltr'>etc.&#39;&#39;</span> <span class='ocrx_word' id='word_1_210' title='bbox 628 3728 758 3777; x_wconf 79' lang='lat' dir='ltr'>Fatendum</span> <span class='ocrx_word' id='word_1_211' title='bbox 772 3739 816 3790; x_wconf 84' lang='lat' dir='ltr'>est,</span> <span class='ocrx_word' id='word_1_212' title='bbox 827 3729 977 3791; x_wconf 80' lang='lat' dir='ltr'>grammatice</span> <span class='ocrx_word' id='word_1_213' title='bbox 989 3735 1054 3776; x_wconf 82' lang='lat' dir='ltr'>recto</span> <span class='ocrx_word' id='word_1_214' title='bbox 1063 3724 1130 3789; x_wconf 86' lang='lat' dir='ltr'>loqui</span> 
     </span>
     <span class='ocr_line' id='line_1_28' title="bbox 142 3816 1126 3884; baseline 0.001 -20"><span class='ocrx_word' id='word_1_215' title='bbox 142 3833 196 3883; x_wconf 84' lang='lat' dir='ltr'>eos,</span> <span class='ocrx_word' id='word_1_216' title='bbox 212 3821 256 3884; x_wconf 85' lang='lat' dir='ltr'>qni</span> <span class='ocrx_word' id='word_1_217' title='bbox 268 3819 425 3867; x_wconf 82' lang='lat' dir='ltr'>oeconomiam</span> <span class='ocrx_word' id='word_1_218' title='bbox 439 3818 560 3882; x_wconf 84' lang='lat' dir='ltr'>politicam</span> <span class='ocrx_word' id='word_1_219' title='bbox 578 3828 670 3882; x_wconf 82' lang='lat' dir='ltr'>partem</span> <span class='ocrx_word' id='word_1_220' title='bbox 687 3827 772 3866; x_wconf 81' lang='lat' dir='ltr'>vocant</span> <span class='ocrx_word' id='word_1_221' title='bbox 785 3818 897 3882; x_wconf 84' lang='lat' dir='ltr'>politicae</span> <span class='ocrx_word' id='word_1_222' title='bbox 914 3816 1049 3880; x_wconf 86' lang='lat' dir='ltr'>disciplinae</span> <span class='ocrx_word' id='word_1_223' title='bbox 1068 3818 1126 3865; x_wconf 87' lang='lat' dir='ltr'>uni·</span> 
     </span>
     <span class='ocr_line' id='line_1_29' title="bbox 143 3906 1131 3975; baseline 0.003 -21"><span class='ocrx_word' id='word_1_224' title='bbox 143 3925 224 3970; x_wconf 69' lang='lat' dir='ltr'>verse,</span> <span class='ocrx_word' id='word_1_225' title='bbox 250 3919 276 3958; x_wconf 85' lang='lat' dir='ltr'>at</span> <span class='ocrx_word' id='word_1_226' title='bbox 298 3909 370 3971; x_wconf 76' lang='lat' dir='ltr'>hujus</span> <span class='ocrx_word' id='word_1_227' title='bbox 386 3906 480 3970; x_wconf 79' lang='lat' dir='ltr'>objecta</span> <span class='ocrx_word' id='word_1_228' title='bbox 503 3910 544 3955; x_wconf 81' lang='lat' dir='ltr'>rix</span> <span class='ocrx_word' id='word_1_229' title='bbox 566 3908 613 3960; x_wconf 78' lang='lat' dir='ltr'>alia</span> <span class='ocrx_word' id='word_1_230' title='bbox 634 3907 752 3957; x_wconf 84' lang='lat' dir='ltr'>habentur</span> <span class='ocrx_word' id='word_1_231' title='bbox 771 3924 843 3972; x_wconf 84' lang='lat' dir='ltr'>quam</span> <span class='ocrx_word' id='word_1_232' title='bbox 862 3909 1030 3973; x_wconf 82' lang='lat' dir='ltr'>imperantium</span> <span class='ocrx_word' id='word_1_233' title='bbox 1054 3909 1131 3975; x_wconf 74' lang='lat' dir='ltr'>cottis,</span> 
     </span>
    </p>
   </div>
   <div class='ocr_carea' id='block_1_9' title="bbox 144 3997 1224 4066">
    <p class='ocr_par' dir='ltr' id='par_1_11' title="bbox 144 3997 1224 4066">
     <span class='ocr_line' id='line_1_30' title="bbox 144 3997 1224 4066; baseline 0.003 -20"><span class='ocrx_word' id='word_1_234' title='bbox 144 3997 188 4048; x_wconf 85' lang='lat' dir='ltr'>illa</span> <span class='ocrx_word' id='word_1_235' title='bbox 215 4002 288 4047; x_wconf 89' lang='lat' dir='ltr'>totins</span> <span class='ocrx_word' id='word_1_236' title='bbox 308 4000 428 4047; x_wconf 84' lang='lat' dir='ltr'>societatis</span> <span class='ocrx_word' id='word_1_237' title='bbox 451 3998 567 4046; x_wconf 81' lang='lat' dir='ltr'>hnmanae</span> <span class='ocrx_word' id='word_1_238' title='bbox 584 3998 743 4046; x_wconf 81' lang='lat' dir='ltr'>conditionem</span> <span class='ocrx_word' id='word_1_239' title='bbox 763 3998 879 4063; x_wconf 79' lang='lat' dir='ltr'>explorat,</span> <span class='ocrx_word' id='word_1_240' title='bbox 906 3998 968 4049; x_wconf 83' lang='lat' dir='ltr'>unde</span> <span class='ocrx_word' id='word_1_241' title='bbox 986 4001 1130 4066; x_wconf 76' lang='lat' dir='ltr'>nonineptc</span> <span class='ocrx_word' id='word_1_242' title='bbox 1206 4023 1224 4058; x_wconf 53' lang='lat' dir='ltr'><em>f</em></span> 
     </span>
    </p>
   </div>
   <div class='ocr_carea' id='block_1_10' title="bbox 142 4090 1131 4234">
    <p class='ocr_par' dir='ltr' id='par_1_12' title="bbox 142 4090 1131 4234">
     <span class='ocr_line' id='line_1_31' title="bbox 144 4090 1131 4157; baseline 0.006 -23"><span class='ocrx_word' id='word_1_243' title='bbox 144 4102 199 4150; x_wconf 74' lang='lat' dir='ltr'>sur,</span> <span class='ocrx_word' id='word_1_244' title='bbox 220 4094 297 4140; x_wconf 80' lang='lat' dir='ltr'>Coum</span> <span class='ocrx_word' id='word_1_245' title='bbox 322 4093 437 4154; x_wconf 73' lang='lat' dir='ltr'>conplet,</span> <span class='ocrx_word' id='word_1_246' title='bbox 461 4090 549 4139; x_wconf 85' lang='lat' dir='ltr'>iutrod.</span> <span class='ocrx_word' id='word_1_247' title='bbox 566 4092 643 4154; x_wconf 85' lang='lat' dir='ltr'>princ.</span> <span class='ocrx_word' id='word_1_248' title='bbox 663 4099 751 4151; x_wconf 81' lang='lat' dir='ltr'>monet,</span> <span class='ocrx_word' id='word_1_249' title='bbox 771 4106 821 4139; x_wconf 81' lang='lat' dir='ltr'>eam</span> <span class='ocrx_word' id='word_1_250' title='bbox 841 4092 919 4156; x_wconf 84' lang='lat' dir='ltr'>potins</span> <span class='ocrx_word' id='word_1_251' title='bbox 935 4090 982 4141; x_wconf 88' lang='lat' dir='ltr'>diri</span> <span class='ocrx_word' id='word_1_252' title='bbox 1001 4093 1131 4157; x_wconf 75' lang='lat' dir='ltr'>oportuisse</span> 
     </span>
     <span class='ocr_line' id='line_1_32' title="bbox 142 4181 449 4234; baseline -0.003 -5"><span class='ocrx_word' id='word_1_253' title='bbox 142 4181 306 4234; x_wconf 70' lang='lat' dir='ltr'>oeconomiam</span> <span class='ocrx_word' id='word_1_254' title='bbox 323 4184 449 4233; x_wconf 77' lang='lat' dir='ltr'>socialem.</span> 
     </span>
    </p>
   </div>
   <div class='ocr_carea' id='block_1_11' title="bbox 0 0 1455 5042">
    <p class='ocr_par' dir='ltr' id='par_1_13' title="bbox 0 0 1455 5042">
     <span class='ocr_line' id='line_1_33' title="bbox 0 0 1455 5042; baseline 0 0"><span class='ocrx_word' id='word_1_255' title='bbox 0 0 1455 5042; x_wconf 95' lang='lat' dir='ltr'> </span> 
     </span>
    </p>
   </div>
  </div>
 </body>
</html>
