2892 5042
836 515 877 577 72

359 716 389 769 et
423 703 563 790 physicas
592 702 772 787 disciplinas
792 709 860 785 post
879 695 1018 760 mollium
1035 693 1172 758 demum
1193 691 1350 757 saeculum

361 822 442 881 16um
467 816 626 880 enucleari
651 815 796 900 coepisse.
836 813 900 877 Nec
932 830 1046 873 errasse
1069 806 1218 884 videtur,
1248 807 1351 871 saltem

280 922 303 981 ἦ
360 928 436 991 dum
457 927 516 993 boc
532 928 689 1013 judicium
715 928 815 991 serens
837 926 877 989 ob
896 923 1001 988 oculos
1023 919 1176 985 babuerit
1197 917 1353 983 historiam

359 1037 496 1103 criticam
516 1049 547 1103 et
567 1038 795 1113 universalem,
824 1056 920 1122 quam
945 1035 1012 1118 ipse
1036 1032 1181 1097 scribere
1209 1028 1352 1103 tentant,

357 1151 595 1237 (qualicumque
612 1150 738 1216 tanatem
754 1171 826 1214 cum
848 1143 1017 1232 successu).
1045 1146 1198 1231 Namque
1218 1165 1279 1228 per
1295 1161 1353 1205 sac·

358 1263 467 1327 culum
495 1262 573 1327 sileo
606 1274 637 1327 et
666 1262 785 1326 diutius
812 1271 880 1347 post
906 1269 1027 1323 renatas
1057 1257 1168 1321 liteaas
1197 1255 1352 1341 antiquas,

360 1397 467 1439 omnes
491 1376 556 1465 sere
585 1376 727 1460 Europae
750 1373 808 1437 riri
831 1371 915 1437 docti
941 1372 975 1434 iu
1002 1369 1163 1456 legendis,
1199 1369 1353 1453 iuterpre-

359 1487 475 1565 tondis,
508 1485 745 1573 promulgandis
770 1483 902 1550 classicis
924 1481 1105 1548 auctoribus
1133 1481 1234 1547 unice
1255 1500 1353 1543 versa-

358 1602 487 1679 bantur3
521 1599 583 1666 boc
610 1620 770 1664 summam
796 1597 915 1661 bouum
938 1595 1134 1679 judicantes,
1170 1595 1352 1659 inmensam

360 1711 520 1775 doetrinae
541 1711 663 1794 copiam
684 1708 921 1794 impendebant,
955 1718 992 1770 ut
1015 1708 1140 1794 singula
1163 1703 1354 1793 antiquitatis

359 1830 578 1897 monumenta,
602 1819 796 1907 reliquorum
822 1841 896 1904 ope,
919 1819 1125 1897 illustrarent,
1152 1820 1197 1885 de
1222 1817 1356 1905 practico

361 1955 420 1998 usu
448 1955 557 1998 eorum
582 1955 663 2020 quae
688 1934 721 1997 in
744 1933 877 1998 classicis
897 1932 1071 1998 invenirent
1090 1955 1211 2018 parum
1231 1931 1352 2018 cogita-

360 2046 453 2122 bant,
484 2046 558 2111 lieet
577 2045 774 2111 citationibus
793 2046 904 2111 referta
934 2056 1035 2110 essent
1055 2067 1170 2110 eorum
1190 2067 1297 2131 opera.
1312 2077 1351 2090 -

360 2160 469 2242 Longe
487 2161 561 2220 reat
582 2158 676 2233 absit,
700 2169 736 2221 ut
755 2158 927 2244 quiequam
948 2157 1047 2223 laudis
1066 2157 1246 2224 detrectare
1263 2155 1352 2219 velim

360 2269 449 2345 viris,
475 2268 529 2353 qui
554 2279 616 2363 tam
630 2269 773 2353 improbo
791 2269 914 2346 labore,
938 2269 1252 2337 solidumdoctrinae
1267 2267 1362 2337 aedi-t

359 2381 467 2446 ficium
495 2382 651 2458 struxere,
686 2381 770 2466 quod
804 2381 1066 2467 opportunitatem
1085 2383 1213 2470 longius
1234 2379 1351 2470 prospi·

361 2492 462 2559 ciendi
480 2493 621 2579 sequenti
638 2515 713 2557 aevo
731 2494 888 2578 praebuit.
924 2495 1059 2559 Omnem
1078 2496 1235 2580 ejusmodi
1254 2491 1351 2578 suspi-

361 2606 484 2672 cionem
513 2602 651 2670 eaertent
681 2628 914 2685 susurronum,
937 2630 1106 2686 sanonum,
1129 2608 1350 2678 saturemus,

361 2742 470 2798 suasu,
504 2741 711 2797 uoaouaniu,
744 2720 958 2805 similiumque
992 2721 1134 2796 nomina,
1164 2742 1249 2805 quae
1271 2717 1350 2783 scri·

359 2833 447 2896 beuti
467 2831 545 2893 mibi
567 2833 781 2896 obversantur.
826 2831 911 2894 lllud
929 2831 1051 2892 tantum
1074 2830 1177 2908 volui,
1191 2818 1351 2898 ‘literatos

361 2941 454 3006 bosco
475 2962 538 3004 non
564 2941 700 3025 potuisse
731 2941 949 3025 antiquitatem
970 2940 1164 3007 considerare
1184 2965 1223 3007 eo
1240 2943 1349 3016 modo,

361 3063 396 3115 ut
417 3051 483 3135 ejus
503 3049 628 3116 historia
648 3051 872 3117 recentioribus
898 3052 1001 3117 denuo
1018 3053 1121 3132 fieret,
1144 3077 1208 3118 non
1228 3067 1350 3121 tantum

362 3165 464 3229 »testis
485 3175 678 3251 temporum,
702 3167 757 3230 lux
776 3167 928 3244 veritatis,
953 3168 1209 3245 vitamemoriae,
1233 3170 1350 3234 nuncia

361 3278 539 3344 vetustatis’
563 3278 616 3344 sed
630 3280 911 3369 magistra'etiam
926 3284 1029 3358 ortae,
1054 3279 1138 3366 quod
1157 3291 1243 3346 certe
1266 3302 1349 3345 sum·

361 3413 450 3455 mum
477 3392 543 3473 eju's
569 3393 764 3476 propositum
788 3414 905 3456 crosno
938 3392 1090 3457 intellexit
1118 3390 1176 3479 (l).
1222 3394 1274 3457 Ab
1305 3391 1351 3456 bis

363 3500 544 3585 aequalibus
569 3501 723 3578 diversus,
746 3501 903 3584 practicae
927 3501 1067 3585 inprimis
1086 3503 1197 3567 indolis
1213 3506 1264 3570 vir
1286 3527 1349 3568 ars-

362 3631 556 3676 cumvsnnus
582 3632 620 3674 ex
646 3610 782 3698 antiquis
803 3611 1002 3696 scriptoribus
1020 3612 1154 3699 flagrem
1174 3614 1277 3681 bausit
1296 3614 1348 3679 de-

362 3722 510 3788 siderium
538 3722 696 3797 omnium,
723 3744 950 3809 ,quaecumque
972 3723 1006 3787 in
1024 3727 1163 3792 Romami
1188 3726 1347 3815 republict

362 3836 580 3921 praestantiora
604 3833 742 3913 videbat,
773 3857 869 3922 quam
898 3859 953 3901 suo
979 3848 1134 3924 ternpore,
1167 3839 1347 3926 praesertim

362 3949 394 4011 in
417 3948 510 4014 rebus
533 3948 678 4036 politicis.
720 3950 786 4029 Ita,
809 3951 949 4016 solertior
968 3961 1003 4017 ut
1026 3964 1091 4019 erat
1113 3952 1268 4040 plerisque
1286 3976 1344 4018 ae-

366 4087 590 4107 ...w-

396 4166 436 4239 p)
455 4176 492 4223 m
513 4178 555 4225 cr.
576 4177 607 4225 n.
626 4179 651 4226 a.
