2892 5042
601 756 636 815 A.

169 922 291 986 Primus
316 943 438 997 eornm,
462 926 518 1008 qui
548 947 628 989 saec.
647 928 711 989 ‚18⁰
728 923 992 1007 jurisprudentiae
1015 924 1104 987 crim

126 1053 233 1096 naevos
252 1014 406 1110 deterere,
420 1035 531 1119 procul
551 1036 648 1100 dubio
663 1036 721 1100 cel.
741 1036 802 1100 luit
814 1058 892 1101 cnn.
909 1057 1105 1109 rnouisms,

128 1146 231 1226 quiet
258 1146 405 1211 absurdas
429 1149 551 1233 magiae
578 1147 805 1223 accusationes,
836 1159 867 1209 ct
890 1148 1103 1231 quaestionem

127 1275 179 1336 per
202 1266 355 1320 tormenta
386 1277 403 1318 e
430 1257 502 1319 loris
522 1258 676 1341 expellere
698 1269 826 1321 conatus
855 1269 916 1334 est,
948 1280 1012 1321 non
1032 1280 1105 1321 sane

90 1420 92 1424 ,
127 1365 214 1430 felice
234 1389 307 1430 cum
327 1366 540 1454 successu(l).
563 1369 680 1433 Saltem
699 1370 740 1433 ab
761 1369 851 1433 initio
868 1370 984 1433 saeculi
1005 1390 1106 1454 usque
1140 1374 1143 1379 ⁴
1187 1400 1192 1411 ν

128 1477 164 1540 ad
193 1477 310 1544 editum
339 1501 515 1545 succinus
545 1480 688 1544 libellum
715 1481 757 1544 de
781 1481 914 1546 delictis
940 1490 972 1545 et
986 1486 1106 1570 poenis

127 1587 254 1675 (1764),
278 1594 371 1656 unica
399 1592 543 1656 notabilis
567 1593 673 1678 legum
696 1594 782 1657 crim.
813 1593 965 1680 mitigatio
987 1593 1021 1658 in
1042 1595 1107 1657 Eu-

128 1701 201 1786 ropa
221 1703 332 1768 accidit
356 1716 485 1770 auctore
508 1727 679 1770 rnsnssuco
698 1707 748 1782 11,
773 1706 828 1791 qui
855 1706 968 1794 (1740)
992 1728 1107 1792 quaes-

127 1813 215 1876 tionis
241 1836 332 1880 usum
355 1818 387 1880 in
407 1817 549 1881 Borussiri
568 1818 605 1881 ad
627 1840 742 1901 paucos
763 1821 850 1896 casils
868 1819 1023 1882 restrinxit
1039 1819 1105 1906 (2);

127 1946 184 1989 nec
215 1929 380 2012 quisquam
413 1929 543 2011 scriptor
572 1950 609 1988 ex
638 1929 789 1990 industrii
817 1928 856 1989 de
878 1929 1048 2012 exoptandzl
1074 1929 1107 1989 in

119 2017 196 2099 'loris
214 2039 425 2103 criminalibus
446 2040 619 2103 mutatione
639 2040 713 2123 egit.

169 2146 258 2214 Hinc
269 2151 398 2227 accidit,
422 2162 458 2213 ut
475 2172 574 2233 pauca
593 2151 647 2213 illa
662 2152 762 2234 operis
780 2153 1038 2237 Montesquiviani
1058 2175 1108 2217 cs·

107 2246 238 2347 pirula,
260 2265 375 2350 quibus
396 2266 502 2350 legum
525 2264 736 2327 criminalium
755 2263 828 2328 vitia
848 2265 965 2350 tetigit,
985 2286 1106 2350 semper

60 2378 74 2450 ᾗ.
110 2360 231 2461 -inagni
252 2376 358 2441 habita
384 2376 517 2450 luerint,
541 2377 614 2439 lieet
641 2366 802 2439 latendum
820 2379 873 2454 sit,
901 2389 969 2460 post
989 2400 1108 2442 nuncs-

116 2458 219 2576 inin,
242 2508 413 2562 vomicis,
444 2508 791 2562 nsrssor1‚snsnnsu1
815 2487 949 2564 labores,
973 2509 1028 2551 nos
1047 2511 1108 2573 pa-

62 2623 84 2687 s
126 2587 196 2667 rum
215 2621 252 2663 ex
275 2600 313 2662 iis
332 2597 493 2681 proficere.
528 2596 652 2682 Negligi
673 2608 778 2660 tamen
797 2601 833 2659 eo
855 2600 958 2662 minus
980 2600 1106 2676 dehent,
1158 2614 1163 2626 ‘

117 2697 275 2796 'quoniam
294 2712 361 2795 ipse
380 2732 537 2774 succinis
554 2710 708 2792 professus
727 2721 781 2784 est,
800 2731 846 2783 se,
867 2711 954 2774 lectis
968 2733 1107 2776 uorans-

75 2805 79 2811 ’
105 2846 231 2908 Δριπνιῐ
262 2824 426 2908 operibns,
461 2823 625 2886 consilium
651 2821 788 2905 primum
815 2822 931 2907 cepisse
956 2824 992 2887 eli
1011 2824 1050 2887 de
1074 2847 1107 2887 re
1186 2808 1193 2813 ’

123 2935 282 3000 sc'rillendi
304 2932 360 3020 (3).
393 2915 472 2997 Sunt
487 2945 591 2999 antem
606 2934 638 2995 in
659 2931 775 3020 Epist.
796 2933 1108 3023 Perss'eislcomplu-

16 3085 20 3088 <
124 3069 175 3110 res
197 3046 325 3131 quidem
343 3047 421 3122 loci,
445 3045 502 3139 ubi
521 3045 680 3128 processtls
702 3044 790 3108 crim.
811 3044 939 3127 ineptias
959 3047 1108 3130 quasdam

123 3157 265 3233 ludibrio
284 3157 411 3235 hebeat,
434 3167 570 3221 attamen
593 3153 709 3217 ibidem
730 3166 888 3237 comparat
906 3157 990 3242 leges
1010 3159 1108 3221 Fran-

86 3308 89 3315 ·
123 3274 209 3336 cicas
232 3293 305 3335 cum
325 3270 481 3345 Turcicis‚
511 3290 547 3330 eo
567 3269 661 3330 unice
686 3267 831 3342 consilio,
857 3279 891 3331 ut
914 3289 987 3331 suae
1010 3271 1109 3355 gentis

122 3385 158 3446 in
180 3382 339 3468 puniendo
363 3383 521 3445 lenitatem
542 3378 648 3442 laudet
668 3377 732 3465 (4);
765 3390 795 3441 et
817 3380 858 3443 de
876 3378 955 3468 Ing.
982 3380 1108 3470 Legum

160 3542 200 3612 (1)
218 3546 350 3603 Tuonsn,
375 3544 481 3592 disserit.
505 3544 535 3591 de
562 3546 665 3592 crimino
688 3545 790 3609 magius
809 3552 834 3591 et
851 3544 881 3593 de
897 3545 997 3596 tortura
1018 3546 1110 3613 aforis

125 3638 332 3687 Christianorum
342 3634 513 3699 prohibendo,
533 3634 611 3683 editae
625 3634 714 3699 llatae,
732 3636 795 3684 17o1
816 3644 842 3682 ct
856 3636 934 3687 1705.
951 3637 989 3685 cf.
1002 3636 1031 3684 sle
1043 3642 1112 3700 psrrt

122 3731 178 3792 ejus
195 3727 297 3777 efficacii
314 3743 337 3775 v.
354 3743 417 3776 cons.
438 3741 460 3775 c.
479 3739 504 3774 u.
522 3739 661 3786 mamus,
687 3726 742 3775 diss.
760 3727 791 3773 ds
808 3725 887 3773 doctr.
892 3728 968 3791 juris
982 3729 1050 3776 crim.
1066 3729 1111 3772 irs·

122 3822 260 3870 momentis
271 3819 330 3870 udo
341 3835 357 3864 o
368 3835 436 3867 socc.
456 3820 499 3866 18⁰
514 3815 597 3864 mediol
605 3818 665 3882 jum
681 3823 754 3880 porto
766 3815 850 3876 elapso
866 3811 1012 3879 (Groningse
1025 3815 1109 3877 1826),

121 3928 185 3978 sas·
202 3912 237 3960 ²⁰
253 3927 305 3977 os·
744 3886 753 3921 ⁸

160 4004 201 4071 (2)
218 4005 248 4054 V.
263 4015 396 4065 mensos,
414 4000 447 4050 ib.
466 4014 520 4066 pag.
538 4000 587 4061 so,
606 4017 629 4046 n.
646 3999 691 4047 64.

161 4095 202 4162 (3)
219 4097 362 4151 tissimus,
380 4091 488 4152 latrem,
507 4105 561 4155 pag.
581 4090 639 4139 1⁰1.

164 4187 203 4253 (4)
222 4189 250 4236 L.
272 4186 374 4252 1³.‚so‚
394 4185 452 4233 188.
