2892 5042
580 499 641 559 145

31 702 33 705 .
117 664 255 730 minutiis
286 679 317 733 et
347 672 612 758 disquisitionibus
642 678 759 753 missis,
794 677 887 742 hosce
925 680 1102 767 argumenti

107 773 192 839 ‘lines
212 780 277 843 sore
295 785 454 864 constitui,
478 798 513 853 ut

158 889 298 957 Primdm
309 917 345 957 ex
355 896 484 975 criticis,
496 900 687 978 anticriticis,
705 902 981 980 observationibus,
994 924 1102 968 emen·

116 998 309 1083 dationibus,
333 1007 557 1074 imitationibus
577 1012 617 1074 de
642 1033 689 1074 eo'
706 1014 828 1097 scriptis
851 1026 1012 1097 appareat,
1037 1016 1101 1101 qut

111 1124 217 1176 mente
244 1118 304 1179 riri
332 1117 417 1191 docti
444 1130 476 1183 et
503 1120 604 1186 variae
631 1123 815 1191 conditionis
847 1123 987 1193 homines
1020 1127 1099 1192 illud

110 1227 298 1308 exceperint3

152 1339 249 1403 Porro
273 1341 439 1428 indagetur
464 1367 502 1407 er
530 1345 589 1408 illis
613 1347 988 1434 politicisupinionibus,
1018 1371 1100 1435 quae

107 1473 263 1526 summam
284 1454 429 1540 deinceps
449 1458 483 1520 in
504 1460 626 1544 Europai
645 1461 862 1525 auctoritatem
877 1473 987 1525 nactae
1006 1473 1096 1539 sunt,

106 1564 183 1648 quid
202 1566 244 1630 ab
257 1588 293 1631 eo
312 1567 491 1646 didicerint,
515 1569 593 1655 quid
613 1572 780 1654 rejecerint
798 1574 940 1659 plerique
959 1575 1096 1659 practice

106 1676 198 1741 rebus
216 1679 351 1763 publicis
370 1703 495 1764 operam
515 1693 671 1751 navanter.

149 1853 166 1939 S
192 1859 221 1924 1.
268 1855 491 1924 Recensentur
511 1862 593 1924 libri
610 1862 650 1924 de
674 1883 797 1950 magno
817 1884 1047 1939 uorrrsourvrt

407 1994 504 2060 opere
526 1976 709 2060 conserzpti
729 1971 740 2059 (
762 1969 787 2058 )

146 2137 291 2199 Prosectb
318 2133 413 2212 sicui,
444 2134 576 2222 cognitis
599 2145 785 2222 argumento
809 2144 839 2197 et
858 2135 958 2199 torma
982 2134 1094 2220 Operis

101 2248 148 2312 de·
172 2247 317 2336 Ingenio
348 2246 492 2336 Legum,
528 2248 760 2333 conjiciendum
793 2258 888 2324 esset,
934 2247 1093 2312 undenam

99 2359 194 2443 primi
215 2359 284 2442 ejus
302 2359 407 2424 Critici
430 2360 618 2443 prodierint,
641 2361 797 2424 dubitaret
817 2360 956 2438 fortasse,
984 2362 1091 2424 utrum

99 2473 138 2537 ad
157 2474 305 2537 JGtorum
330 2494 369 2534 an
391 2474 472 2553 verb¹
488 2473 526 2536 ad
554 2473 748 2535 literatorum
770 2471 911 2535 ordinem
937 2471 1091 2534 referendi

99 2586 174 2664 sint3
200 2585 312 2648 vorum
330 2605 394 2646 non
411 2585 501 2647 facile
518 2584 728 2677 diriperetur,
752 2584 890 2667 primum
904 2582 1091 2645 deductore

98 2700 135 2762 N.
147 2698 198 2762 rix
214 2696 307 2773 alios,
329 2716 424 2781 quam
444 2696 589 2772 clericos,
606 2695 764 2779 judicium
782 2694 899 2758 tulisse.
930 2694 967 2757 Id
985 2703 1089 2758 tamen

82 2811 224 2876 eccidit.
263 2791 333 2872 Duo
356 2831 471 2894 nempe
497 2809 610 2886 diaria,
641 2829 777 2893 quorum
796 2807 930 2872 alterum
955 2807 1086 2872 Tirurtii

12 3006 17 3011 Ι
97 2923 218 2987 editum
257 2921 403 2987 doctrinis
443 2922 633 2986 Jesuitarum
665 2918 872 3006 propagandis
905 2919 1083 2996 inserviret,

94 3034 231 3100 alterum
251 3034 374 3096 Parisiis
395 3035 589 3097 scriberetur·
601 3056 620 3095 a
638 3032 825 3105 Jansenistis,
854 3029 927 3097 hinc
951 3033 1010 3094 sibi
1034 3032 1085 3101 sa-

74 3170 182 3226 mam
205 3144 394 3230 quaesivere.

138 3257 191 3319 Illi
213 3255 324 3332 diario,
348 3255 581 3341 quamprimirm
598 3254 684 3338 Opus
703 3274 932 3329 uorrrsomvn
950 3253 1082 3339 prodiis-

93 3380 158 3449 set,
182 3369 318 3433 insertae
337 3374 408 3436 sunt
431 3367 576 3452 epistolae
596 3367 742 3452 deinceps
762 3366 842 3430 duee
860 3355 899 3430 ab
917 3367 1082 3453 Anonymo

46 3534 51 3547 ,
93 3481 304 3564 conscriptae,
323 3503 455 3567 quarum
470 3480 566 3566 priori
578 3480 723 3557 docetur,
742 3477 837 3564 hujus
850 3480 950 3565 operis
959 3481 1079 3547 Aucto·

93 3615 162 3659 rem
189 3593 274 3655 omni
293 3592 408 3676 pietate
426 3592 585 3659 manifesto
605 3614 728 3672 cerere,
751 3593 867 3683 quippe
889 3594 944 3685 qui
960 3578 1083 3669 ,veritus

125 3890 163 3955 (1)
182 3891 276 3938 Frustra
294 3893 402 3940 omnium
422 3908 503 3941 eorum
524 3895 615 3958 copiam
636 3892 695 3940 mihi
719 3892 808 3956 secere,
830 3901 872 3940 rut
892 3889 974 3939 saltem
1000 3892 1081 3940 omnes

90 3981 295 4045 videretentar13
315 3982 344 4031 de
362 3983 470 4047 plurimis
489 3993 567 4032 tamen
588 3983 648 4032 bene
661 3985 790 4032 successere
811 3984 915 4048 constris,
936 3985 1078 4050 qudpropter

90 4073 255 4155 dulcissimum
269 4084 307 4122 est
325 4073 429 4123 officium
446 4077 533 4137 gratias
552 4078 641 4125 referre
660 4077 718 4124 viris
730 4075 760 4127 cl.
780 4086 804 4123 et
821 4075 892 4141 doct,
910 4095 1009 4145 quorum
1026 4080 1079 4129 exi·
1108 4062 1114 4071 ⁴

90 4169 153 4214 miae
173 4167 279 4213 contituti
298 4183 377 4215 eorum
395 4181 462 4215 usum
481 4164 559 4218 debui.

58 4258 63 4261 ’
109 4303 112 4309 ·
137 4258 179 4326 ΙΙ.
884 4265 922 4325 10
