2892 5042
800 477 861 539 res
938 561 943 571 Ι

322 662 463 726 'laminae
482 660 610 727 liberius
625 661 707 723 iuter·
728 679 828 723 mares
858 657 901 721 ibi
920 664 1091 728 versantes,
1111 672 1276 717 amoenam
1291 664 1323 715 et

332 774 508 859 elegantem
540 772 670 839 reddant
692 771 786 837 vitam
808 766 869 855 (1).
1201 766 1209 773 ’

376 887 515 951 Dubium
538 884 633 950 videri
656 883 770 966 possit,
794 903 834 944 au
860 881 955 945 alteru
979 878 1173 964 polygamiae
1193 900 1324 945 eausaa

332 1016 572 1073 norrusoorvro
592 993 691 1059 obiter
708 1002 894 1069 memorata,
918 989 1003 1077 quod
1023 1012 1140 1075 nempe
1161 991 1327 1059 nonnullis

332 1107 407 1171 locis
432 1107 597 1192 pauciores
629 1115 796 1169 naseuntur
821 1125 935 1180 mares,
970 1120 1066 1189 qnam
1095 1103 1250 1178 feminae,
1269 1124 1327 1167 re-

333 1220 408 1285 veri
426 1219 469 1284 ita
490 1242 556 1283 sese
576 1217 698 1282 habeat.
732 1216 867 1291 Saltem,
895 1214 950 1279 ubi
973 1214 1134 1300 aliquantb
1152 1213 1255 1298 major
1278 1226 1326 1277 est

334 1355 481 1397 uumerus
502 1331 683 1407 mulierum,
701 1330 887 1414 plerquue
903 1327 1092 1413 polygyniae
1109 1348 1213 1391 mores
1230 1327 1328 1412 longe

337 1445 423 1509 illam
443 1445 675 1530 proportionem
695 1440 872 1523 excedunt,
894 1440 941 1505 uti
962 1462 989 1505 e.
1014 1463 1045 1525 g.
1070 1450 1181 1503 uotum
1203 1450 1269 1517 est,
1288 1441 1325 1503 in

334 1561 507 1629 ancarum
539 1555 757 1632 commodum,
788 1554 955 1638 Georgium
987 1562 1017 1615 et
1046 1552 1150 1636 plures
1180 1552 1327 1638 regiones

334 1669 473 1731 formosis
501 1668 679 1754 quibusque
711 1665 824 1749 puellis
843 1664 971 1749 privari3
1004 1665 1081 1728 item
1110 1664 1218 1729 Indiae
1234 1687 1325 1750 mag·

334 1801 393 1844 nae
416 1778 496 1863 parti
520 1799 556 1840 er
586 1775 797 1841 Caehemiriae
823 1797 921 1862 regno
946 1775 1077 1839 seminas
1113 1776 1327 1860 suppeditari,

335 1912 469 1983 quarum
503 1889 600 1976 igitur
627 1890 733 1974 plures
762 1887 995 1966 desiderantur,
1029 1910 1124 1973 quam
1161 1889 1324 1973 proferunt

334 2004 474 2090 singulae
496 2002 669 2090 regiones(
691 1999 716 2089 ).

302 2108 310 2115 ’
379 2115 468 2194 Quae
487 2134 580 2196 porro
596 2136 851 2191 rrourasourvrus
875 2113 951 2177 dixit
970 2112 1010 2176 de
1031 2112 1224 2199 polyandrii,
1241 2114 1327 2177 zelo-

334 2225 434 2311 typia,
465 2224 613 2300 divofflo,
644 2246 708 2288 non
730 2246 807 2307 opus
829 2234 875 2291 est
902 2236 938 2287 ut
971 2224 1143 2308 specialiter
1168 2247 1324 2310 exponan-

333 2348 402 2415 tur,
426 2334 671 2400 animadvertere
691 2335 832 2411 sufficiat,
858 2335 941 2401 hano
962 2346 1085 2420 partem
1103 2335 1266 2402 doetrinae
1285 2336 1329 2401 de

338 2448 481 2526 elimate,
505 2448 626 2513 summai
649 2449 727 2513 curi
744 2449 785 2515 ab
806 2448 873 2532 ipso
895 2447 1081 2514 elaboratam
1104 2449 1222 2519 luisse„

378 2564 499 2639 Restat,
530 2571 566 2624 ut
586 2559 744 2625 videamus
770 2560 810 2625 de
829 2562 1005 2650 religione.
1046 2561 1171 2626 Nemini
1188 2561 1326 2626 dubium

331 2685 397 2751 est,
421 2674 497 2759 quin
522 2681 591 2749 atr,
621 2685 652 2736 et
672 2673 806 2759 regionis
828 2675 920 2750 situs,
957 2683 986 2736 et
1016 2672 1116 2738 rietus
1136 2674 1239 2759 gentis
1257 2674 1326 2738 vim

334 2796 480 2850 exserant
498 2784 532 2846 in
553 2794 693 2847 externos
716 2785 819 2849 cultris
840 2784 935 2849 divini
952 2788 1053 2851 siros.
1084 2787 1122 2851 ln
1143 2786 1252 2849 multis
1274 2808 1326 2849 re·

335 2894 480 2979 gionibus
512 2894 653 2955 consultb
675 2895 780 2975 juncti
803 2907 875 2958 sunt
898 2895 944 2958 illi
973 2919 1048 2961 cum
1071 2897 1205 2961 sanitatis
1226 2898 1322 2971 curi,

331 3003 418 3090 quod
436 3004 468 3067 in
486 3002 733 3071 Muhammedict
761 3018 791 3070 et
807 2998 983 3075 Braminied
1004 3009 1154 3096 religione
1179 3008 1325 3094 inprimis

334 3117 536 3203 conspicuum
557 3129 612 3184 est.
644 3118 773 3185 Climate
791 3142 883 3205 porro
905 3132 936 3184 et
955 3121 1066 3186 naturai
1084 3122 1140 3187 soli
1164 3120 1324 3198 delinitur,

334 3252 413 3297 num
430 3231 508 3296 sacri
524 3231 601 3294 ritsss
621 3232 679 3299 sub
698 3233 761 3310 dio,
783 3255 824 3297 an
844 3235 879 3301 in
899 3234 986 3299 tectis
1006 3233 1082 3299 loeis
1104 3233 1195 3311 liant,
1213 3236 1323 3299 utrum

334 3345 449 3429 templa
472 3343 663 3421 habeantur,
695 3347 802 3411 utrdm
822 3346 989 3411 fluminum
1009 3346 1120 3413 vicinia
1143 3347 1263 3433 aliquid
1281 3347 1322 3412 ad

369 3569 517 3578 —4—*4

367 3680 1317 3779 mmmmmsmmmmmmu

330 3807 508 3866 &totarum
539 3798 612 3852 Dur.
641 3801 671 3851 de
696 3803 760 3851 eoels'
789 3803 817 3850 οἱ
843 3803 872 3851 s'rr
892 3806 954 3871 jero
985 3802 1141 3871 conspired,
1169 3823 1194 3870 p.
1213 3807 1250 3866 ll,
1267 3820 1320 3870 pag·

332 3902 364 3947 61
428 3930 434 3945 .

366 3914 453 4052 (dlqli'.
470 3990 494 4036 d.
509 3991 538 4035 L.
557 3987 619 4035 XVI.
636 3987 661 4033 4.
693 3987 803 4048 lleauta,
829 3987 846 4035 l.
863 4004 886 4037 o.
903 3989 1010 4054 conjicit,
1039 3990 1140 4065 fortasse
1163 3988 1323 4054 polygamiae·

332 4092 422 4127 oaumm
443 4080 523 4141 potius
546 4095 617 4143 quam
642 4077 750 4126 ellectum
774 4094 821 4127 esse
842 4080 935 4143 majoris
958 4079 1113 4142 feminarum,
1139 4095 1200 4144 quae
1221 4095 1324 4129 murr-

333 4183 385 4235 tur,
404 4170 504 4219 numeri.
