2892 5042
591 499 633 561 97

109 677 238 739 franciis
268 676 370 741 odiosa
392 676 567 743 reddiderat
589 679 740 763 ejusmodi
761 678 916 753 instituta,
938 697 1020 762 quae
1049 690 1095 742 ta-

107 809 182 852 men
201 790 370 853 tuebantur
390 791 459 854 Itali
477 797 508 856 et
529 793 634 878 Angli.

152 903 266 965 Parum
280 913 384 967 autem
409 904 476 987 ejus
496 905 564 968 aevi
578 885 742 992 'deriptores
755 905 903 968 videntur-
923 904 1092 969 discrimen

106 1014 227 1076 novisse
248 1014 330 1078 inter
354 1022 589 1104 argentariam
618 1018 875 1107 depositarium,
900 1018 991 1101 cujus
1015 1018 1097 1080 rati«

106 1147 198 1189 onem
217 1128 331 1212 agendi
355 1140 494 1211 apertam
520 1153 589 1194 esse
607 1142 744 1214 oportet,
768 1130 922 1214 cujusque
942 1133 1089 1194 actiones

105 1259 229 1322 semper
252 1241 390 1302 nummis
411 1244 528 1307 mutari
552 1254 680 1327 possunt
706 1242 828 1328 (quales
855 1252 943 1305 erant
973 1243 1095 1309 Veneta

105 1362 136 1413 et
153 1353 472 1440 Amstelodamensis)‚
492 1368 524 1418 et
544 1358 744 1442 argentarias,
764 1377 857 1440 quoe
870 1365 991 1439 praeter
1010 1375 1096 1418 mer-

104 1476 231 1528 caturae
260 1467 439 1543 commodn‚
471 1469 538 1532 fisci
571 1470 680 1553 inopiis
709 1467 878 1554 aliquando
911 1488 1094 1530 succurrere

104 1574 236 1652 dehent,
261 1588 292 1639 et
309 1576 504 1645 chartaceam
515 1583 680 1666 pecuniam
693 1603 800 1645 creare
819 1579 1091 1668 (utiLondinensis
1122 1567 1129 1575 ’

103 1698 135 1751 et
150 1687 311 1775 Franeioa)
335 1693 347 1777 (
369 1693 393 1777 ).
465 1709 468 1714 ’

583 1813 617 1875 Β.

166 1969 222 2034 An
246 1960 435 2055 aequalium
458 1991 592 2033 errores
614 1971 745 2031 noverit
768 1989 1028 2050 oronrssporyros.

70 2186 75 2194 ,
145 2148 233 2210 Patet
255 2168 291 2209 ex
309 2145 356 2209 his
381 2148 543 2224 omnibus,
567 2146 752 2233 disciplinae
772 2146 988 2212 oeconomicne
1013 2133 1091 2212 eonss

99 2258 270 2335 ditionem,
305 2269 461 2345 tempore,
495 2281 559 2345 quo
585 2260 839 2325 conscribebatur
857 2278 1089 2337 nonrnsomvn

100 2393 191 2456 opus,
226 2373 374 2436 miseram
403 2374 512 2450 fuisse,
545 2373 663 2457 quippe
686 2395 766 2458 quae
787 2375 932 2450 nornine,
963 2374 1086 2450 ordine,

99 2505 181 2547 nexu
201 2493 339 2561 cereret3
355 2494 386 2545 et
400 2484 434 2545 in
453 2485 490 2548 iis
509 2485 679 2568 capitibus,
699 2485 865 2569 dequibus
884 2506 1090 2554 omnes.con·

98 2598 267 2672 sentirent,
302 2596 443 2658 notiones
470 2597 680 2679 praevaluisse
709 2617 815 2659 rerum
846 2607 977 2660 naturae
1007 2619 1088 2660 con«

97 2707 206 2771 trarias
220 2729 259 2772 ac
276 2707 474 2791 perniciosas.
509 2709 647 2772 Eximiae
667 2710 766 2796 igitur
782 2708 901 2795 ingenii
921 2708 1007 2771 dotes
1021 2730 1088 2773 esse

89 2820 254 2885 debebant
265 2823 304 2898 ei,
330 2821 386 2906 qni
406 2820 604 2906 disciplinam
616 2844 685 2885 erm
695 2822 738 2886 ita
748 2823 782 2883 in
797 2832 896 2886 artem
918 2821 1083 2908 redigeret,
1168 2811 1171 2814 ⁵

96 2935 387 3021 urpraejuticatae
414 2935 575 3020 opiniones
599 2937 746 3001 cederent
773 2958 865 3002 sanae
889 2935 1025 3002 theoriae
1051 2948 1086 3004 et

95 3051 301 3134 experientiae
330 3051 512 3133 praeceptis.
555 3051 591 3112 Id
621 3052 724 3114 secere
751 3061 821 3133 post
847 3053 1021 3115 Auctorem·
1042 3054 1079 3118 N.

94 3183 153 3225 sno
173 3162 309 3245 quisque
327 3159 419 3223 modo
443 3183 583 3238 oorsnrr
605 3172 635 3222 et
654 3184 760 3226 surrrr.

86 3342 298 3353 -n—a———m

128 3448 164 3516 (t)
183 3450 288 3508 Gauron,
314 3447 511 3511 deotpertum,
531 3445 548 3494 t.
567 3448 598 3511 V,
615 3464 635 3496 e.
655 3448 672 3494 4
690 3445 724 3515 (r.
745 3448 783 3512 11,
804 3463 856 3513 pag.
877 3447 943 3514 16⁰).
974 3451 1078 3517 Constat¹

93 3554 188 3588 tanum
207 3541 295 3588 imitari
308 3539 407 3588 voluisse
425 3541 583 3603 argentatum
602 3538 782 3590 londinensem.
798 3539 904 3605 Explicat
922 3541 1019 3607 quidem
1031 3558 1078 3591 ui.

94 3642 162 3698 nitu,
187 3650 231 3681 eur
248 3630 304 3680 haec
322 3634 421 3681 immota
441 3632 548 3682 tamdiu
574 3634 682 3682 manserit
707 3632 753 3700 (ib.
772 3649 828 3699 pag.
848 3633 922 3699 109),
949 3639 1005 3703 quta
1023 3636 1075 3683 scit.

94 3735 246 3774 mercatorum
274 3723 456 3773 londinensium
473 3726 545 3784 fides
567 3723 629 3790 apud
652 3736 743 3773 exteros
766 3741 813 3773 non
837 3704 965 3787 minuaturj
985 3725 1077 3773 etiamsi

93 3816 166 3865 mutio
193 3815 272 3882 phares
296 3816 380 3865 literae
398 3816 526 3865 cambioies
544 3815 573 3863 ab
592 3817 679 3863 exterIs
702 3805 804 3863 londini
829 3823 974 3877 trassentur,
1005 3830 1076 3879 quam
1171 3841 1174 3846 <

92 3906 138 3971 ipsi
154 3908 185 3956 ab
204 3910 292 3956 exterIs
310 3917 425 3955 trassent:
445 3916 496 3954 tom
515 3922 585 3971 porro
602 3903 632 3951 ob
650 3905 751 3953 celerem
770 3895 861 3952 motuni
875 3907 989 3969 peenntne
1006 3904 1075 3954 ehar-

93 4008 179 4062 teneam
200 4009 302 4047 attamen
320 4000 420 4060 fatetur,
438 4002 488 4046 eam
507 3995 656 4062 periclitari,
674 3997 694 4042 si
711 3995 803 4061 quondo
820 3995 924 4063 undique
942 3998 1010 4047 simul
1028 4000 1076 4048 sot.

93 4090 181 4139 rendae
199 4088 326 4138 afferantur
344 4091 526 4153 otr'iqots'oam
553 4089 590 4136 uti
608 4085 652 4133 hoc
668 4103 692 4136 a.
711 4087 778 4135 1825
795 4067 908 4138 obtinuit.
947 4091 1015 4139 Anno
1033 4092 1077 4141 de.

93 4198 155 4230 nrum
163 4184 221 4232 VIII
234 4181 345 4229 Consules
358 4182 468 4229 Frarrciae
477 4180 633 4243 argentoriam
644 4178 807 4245 depositarinnr
816 4182 945 4234 instaurare
956 4187 1005 4232 ausi
1013 4196 1076 4239 sont,

137 4278 177 4344 11.
576 4271 579 4276 ⁴
775 4293 779 4302 '
899 4279 917 4343 7

501 4673 813 4862 roaorr-
