2892 5042
807 534 882 594 16·

333 713 431 805 (quod
453 714 493 777 ad
515 712 629 799 literas)
653 713 786 797 amplius
810 712 978 798 praestitit,
1002 712 1065 796 qud
1087 710 1222 772 multum
1244 726 1320 771 saue
1405 792 1409 803 Ι

332 826 463 893 contulit
487 827 649 915 oculorum
678 826 867 903 obscuratio,
898 844 1031 911 quorum
1061 823 1137 885 alter
1165 822 1320 886 cataracta

332 951 431 1004 tectus
455 941 575 1004 lumine
598 961 722 1024 prorsus
744 949 879 1017 careret;
910 937 953 1002 ita
975 949 1012 1001 ut
1033 937 1097 1001 filia
1118 935 1238 1020 saepius
1259 950 1319 1019 pro

331 1053 398 1137 ipso
421 1053 554 1118 lectricis
575 1053 714 1138 partibus
738 1054 828 1138 fungi
843 1052 994 1117 debuerit.
1018 1053 1152 1115 Serenus
1166 1060 1270 1113 tamen
1286 1060 1320 1112 et

332 1165 436 1229 hilaris
463 1187 584 1250 semper
607 1167 637 1231 ei
658 1164 718 1230 fuit
740 1167 843 1230 vultus
868 1164 926 1254 (1).
972 1167 1104 1229 Parvum
1127 1183 1256 1249 quoque
1277 1162 1319 1226 ab

332 1278 395 1342 otio
427 1289 549 1365 tempus
582 1279 727 1358 detraxit,
763 1292 798 1344 ut
833 1279 1031 1365 responderet
1062 1276 1178 1341 crebris
1209 1276 1322 1359 Operis

333 1393 486 1470 censuris,
502 1392 620 1479 quippe
635 1389 698 1479 qul
711 1393 751 1457 de
768 1416 801 1457 re
819 1393 864 1456 nil
876 1389 1106 1475 conscripserit,
1121 1390 1180 1452 nisi
1193 1409 1320 1472 parram

331 1503 571 1590 ὥεριιῑαῑίοηεω
589 1507 641 1571 cui
658 1507 775 1571 titulus·
788 1505 932 1594 De'fense
946 1505 987 1568 de
997 1504 1149 1593 I’Erprit
1160 1502 1219 1566 des
1228 1500 1319 1563 lois.

376 1618 500 1696 Quanta
529 1618 628 1700 operis
655 1619 721 1700 ejus
749 1621 832 1682 lama
850 1640 907 1699 per
928 1620 1084 1698 Europam
1104 1615 1246 1699 evulgata
1265 1614 1321 1688 sit,

332 1730 413 1790 inter
440 1728 619 1790 excelsiores
644 1727 738 1788 etiam
756 1725 920 1788 hominum
939 1724 1081 1797 ordines,
1103 1724 1206 1808 arguit
1225 1724 1322 1787 sami-

332 1839 445 1901 liaritas
462 1835 637 1921 potentium
655 1836 808 1913 virorum,
830 1836 893 1919 quai
912 1857 969 1919 per
992 1835 1116 1898 ultimos
1130 1835 1210 1898 vitae
1224 1857 1322 1899 annos

332 1972 405 2013 usus
435 1950 527 2014 luisse
556 1949 681 2037 legitur.
727 1951 772 2013 Ex
793 1947 841 2011 his
862 1947 1058 2027 moesssendi3
1081 1969 1222 2013 canonos
1244 1970 1322 2012 nnn-

334 2085 438 2127 sanns
462 2084 601 2139 sonans,
630 2063 737 2127 inlelix
764 2063 817 2127 ille
846 2073 877 2126 et
904 2084 1035 2149 magnae
1064 2061 1129 2147 spei
1156 2064 1320 2147 princeps,

337 2173 392 2259 qui
422 2170 535 2260 (1748)
566 2174 594 2236 ei
623 2176 706 2239 misit
732 2175 954 2264 'Manifestum
987 2197 1095 2252 suurn,
1131 2175 1319 2260 adjungens3

267 2316 276 2323 ’
336 2285 530 2350 literatorum
551 2308 615 2350 esse
639 2287 697 2351 sibi
717 2288 852 2354 invicem
868 2309 923 2354 sua
938 2309 1030 2374 opera
1043 2288 1167 2352 muneri
1181 2288 1321 2363 mittere:
1401 2328 1406 2335 ι

335 2399 482 2462 remotior
512 2399 675 2483 paululum
708 2400 771 2466 dux
805 2403 977 2467 Sabaudiae
1008 2423 1127 2466 vrcuon
1159 2421 1322 2474 amanus,

334 2512 391 2596 qui
416 2513 536 2599 scripsit
563 2536 595 2578 se
625 2514 759 2600 legendo
787 2537 880 2600 opere
907 2515 948 2578 de
970 2512 1049 2603 Ing.
1071 2514 1200 2602 Legum
1220 2511 1322 2576 satiari
1359 2525 1366 2545 ‘

335 2647 398 2690 non
434 2648 536 2711 posse3
574 2628 650 2692 item
685 2652 739 2693 rex
781 2630 927 2693 Poloniae
963 2650 1163 2705 sranrsoaus,
1199 2616 1359 2693 condito*

334 2740 462 2823 Naneeji
492 2742 668 2807 academico
697 2740 847 2824 collegio,
875 2741 965 2822 cujus
991 2728 1056 2822 ipse
1083 2751 1160 2801 esset
1183 2761 1321 2829 praeses,

335 2852 452 2914 socium
485 2872 579 2935 quam
610 2852 744 2914 maxime
775 2850 929 2932 exoptavit
956 2871 1236 2927 uonsnsoosvsuss,
1249 2889 1254 2893 ·
1267 2853 1323 2936 qui
1365 2876 1368 2881 ‘

336 2962 364 3026 ei
396 2963 581 3047 opuseulum
618 2984 709 3026 sunm
746 2960 786 3024 de
820 2982 1004 3027 xxsrnseuo
1035 2942 1160 3044 dicavit—3
1197 2964 1324 3029 tandem

336 3074 439 3160 regius
459 3075 599 3139 minister
620 3079 844 3149 n’srooronon,
865 3073 954 3156 eujus
974 3097 1067 3151 uxor,
1087 3077 1323 3162 quantifeeerit

333 3199 542 3272 praestantem
570 3191 688 3266 virum,
720 3186 817 3272 probe
840 3186 972 3252 ostendit
996 3212 1053 3275 per
1082 3192 1230 3256 ultimum
1256 3190 1322 3272 ejus

333 3303 480 3369 mortium
506 3301 562 3393 ()
1325 3305 1336 3314 '

369 3466 406 3530 (1)
424 3462 587 3528 miurinus,
606 3481 659 3530 pag.
677 3468 719 3512 at.
755 3463 853 3514 Vultum
872 3464 957 3530 illurn,
976 3478 1099 3530 postquam
1117 3464 1158 3515 diu
1172 3467 1324 3535 reluctasset,
1433 3518 1434 3525 ,

333 3556 428 3606 tandem
443 3555 533 3622 (1766)
552 3556 655 3622 depingi
665 3573 748 3622 passus
766 3566 802 3605 est
818 3576 832 3606 a
849 3557 940 3623 pictore
952 3570 988 3604 vnn
1004 3570 1033 3605 ts
1049 3569 1118 3606 rouo.
1153 3558 1239 3607 Eodem
1262 3571 1324 3608 tem-

332 3666 390 3714 pore
407 3666 460 3697 aere
478 3650 530 3712 ejus
548 3650 673 3713 imaginem
690 3649 758 3698 cudit
774 3652 861 3699 artifex
876 3653 970 3699 nomine
988 3664 1097 3698 asserus.
1112 3652 1148 3699 (if.
1165 3650 1323 3720 u’atmm,

333 3758 387 3809 pag.
413 3754 481 3790 mu
505 3759 539 3808 sq.
574 3742 653 3797 Pictor
676 3742 721 3791 ille
746 3743 784 3809 (L.
807 3746 837 3794 F.
854 3745 887 3792 66
909 3761 933 3792 o.
953 3742 979 3808 2)
1001 3742 1138 3792 adfirmabat
1160 3762 1184 3794 se
1202 3763 1322 3813 nunquam

332 3835 451 3884 hominem
472 3834 572 3901 vIdisse,
599 3836 669 3898 eujus
694 3835 778 3884 vultus
806 3837 957 3902 frequentius
977 3845 1159 3885 commutaretur
1184 3856 1226 3904 pro
1251 3841 1323 3887 variis
1355 3858 1360 3869 ’

333 3931 404 3977 animi
431 3926 569 3994 affectibus,
606 3929 710 3995 quique,
727 3930 803 3993 igitur
829 3929 926 3994 depicta
950 3928 1069 3978 diffieilior
1093 3940 1160 3977 esset.
1193 3933 1322 3994 Imaginem

333 4032 510 4084 xorrnsooxrn,
538 4038 609 4088 quam
631 4040 643 4070 e
668 4039 781 4071 marmore
803 4022 932 4088 sculpserat
946 4036 973 4070 xa
987 4035 1071 4086 auur,
1095 4021 1151 4071 Itali
1177 4022 1228 4088 ejus
1253 4025 1322 4073 amici

334 4112 395 4176 dono
412 4111 518 4161 obtulere
535 4113 624 4179 (1767)
642 4115 773 4166 academiae
790 4108 958 4182 llurdigaleusi.
993 4120 1024 4168 L.
1045 4117 1074 4167 F.
1092 4116 1134 4182 65,
1151 4117 1192 4165 67.

371 4204 406 4272 (2)
424 4205 600 4273 usurarius,
618 4223 673 4273 pag.
689 4211 731 4259 24.
767 4213 796 4265 L.
811 4213 842 4264 F.
858 4214 901 4276 25,
913 4215 958 4277 27,
968 4211 1012 4274 68,
1024 4212 1067 4279 66,
1080 4212 1123 4276 66,
1137 4212 1179 4276 63,
1190 4212 1233 4280 64,
1245 4210 1286 4258 66.
