2892 5042
607 523 662 583 49s

66 775 69 779 A
169 698 295 761 Horum
304 719 602 783 quasanrsrorrars
612 699 698 767 dedit
707 700 919 779 definitiones,
938 701 1022 787 apud
1032 704 1112 787 pris·
1152 671 1158 683 ¹

120 828 176 872 cos
197 819 230 873 et
244 810 432 876 recentiores
442 810 592 896 ¹politicos
609 812 778 900 plerosque
793 825 868 880 sunt
882 826 1039 899 receptae3
1064 814 1111 880 his

118 920 197 984 item
208 923 328 1006 placuit
340 924 406 1007 ejus
423 925 586 1002 sententia,
605 926 729 1011 singula
740 948 855 1012 genera
866 927 1058 1013 regiminum
1076 928 1111 992 in
1180 903 1184 914 ,

116 1032 251 1098 totidem
267 1036 387 1100 vitiosas
404 1036 518 1102 formas
535 1037 740 1125 degenerare,
761 1039 888 1125 quando
907 1041 1110 1126 imperanter,

115 1167 175 1210 suo
203 1149 300 1211 unice
329 1150 494 1215 commodo
525 1151 655 1228 intenti,
687 1152 820 1216 salutem
853 1154 1012 1237 publicam
1045 1155 1110 1218 im-
1148 1165 1152 1172 '

114 1279 205 1340 pune
226 1273 398 1343 spernunt3
422 1273 499 1328 tunc
513 1263 597 1327 enim
617 1264 755 1328 converti
775 1265 989 1331 monarchiam
1009 1265 1049 1356 in
1061 1276 1109 1351 ty-

112 1370 298 1449 rannidem,
328 1375 552 1440 aristocratiam
572 1376 606 1439 in
639 1376 858 1461 oligarchiam,
883 1377 1108 1442 democratiam

112 1482 148 1545 in
166 1482 361 1550 anarobiam.
395 1488 550 1572 Reliquae
565 1487 645 1552 duae
669 1489 801 1572 specics,
821 1510 901 1573 quas
919 1490 1018 1553 tribus
1040 1488 1106 1551 illis

93 1593 274 1678 ,prioribus
292 1581 436 1662 accenset
450 1621 678 1678 anrsrornnns,
702 1600 770 1666 scil.
790 1601 935 1687 regimen
957 1600 1107 1685 reipubli-

2 1723 10 1736 ”
95 1729 170 1782 ¹cae
195 1709 377 1794 Platonicae
406 1723 436 1774 et
463 1712 563 1776 forma
588 1713 685 1777 mixta
715 1713 849 1778 erariis
880 1714 1104 1799 regiminibus,

110 1843 128 1884 a
149 1820 279 1886 nemine
294 1823 504 1887 recentiorum
523 1825 568 1889 ita
579 1835 728 1910 acceptae
748 1836 836 1901 sunt,
857 1826 1007 1912 quoniam
1023 1827 1104 1891 illud

6 1975 8 1978 -
109 1954 288 2019 numquam
310 1936 418 2001 locum
437 1934 564 2010 habuit,
587 1934 681 2018 hujus
699 1935 885 1998 innumerae
903 1936 1021 2018 species
1040 1958 1104 2000 csse
1208 1954 1213 1980 ³

108 2057 243 2130 pessunt
267 2043 324 2132 (1)
366 2047 484 2128 Quaeri
509 2047 622 2130 possit,
646 2066 704 2109 cur
727 2067 980 2121 nonrrsonrvrus
1006 2069 1024 2112 a
1047 2069 1102 2124 ao-

107 2158 167 2222 lita
200 2157 252 2224 viai
284 2159 452 2242 paululum
483 2160 661 2237 recesserit,
697 2159 938 2244 despotismum,
969 2181 1101 2226 monar-

106 2267 232 2347 chiam,
262 2271 489 2356 rempublicam
515 2272 648 2337 liberam
670 2272 906 2358 distinguendo;
934 2271 1018 2338 hanc
1041 2273 1101 2338 de—

102 2389 174 2445 'nno
196 2381 410 2448 subdivisione
435 2382 572 2469 quidam
598 2383 788 2449 secernendo
817 2385 850 2448 in
876 2383 1099 2450 democratiam

108 2504 151 2556 et,
161 2494 391 2560 aristocratiam·
404 2491 463 2581 (2)

162 2604 258 2686 Quod
291 2605 331 2670 ad
362 2605 559 2689 despoticum
592 2615 742 2690 regnam,
781 2606 849 2687 jam
881 2605 1098 2669 animadvertit

31 2774 38 2790 ,
106 2737 263 2792 coenans,
282 2738 347 2780 non
367 2739 384 2780 e
407 2716 473 2781 sold
492 2715 674 2786 monarchia
690 2717 725 2780 in
747 2714 945 2802 tyrannicam
962 2716 1098 2782 formam

102 2830 299 2917 degenerare
338 2831 497 2917 regimen,
531 2832 639 2895 veriam
676 2829 727 2894 isti
760 2828 958 2913 corruptelae
988 2850 1095 2895 omnes

93 2927 208 3029 ,aeque
231 2943 376 3008 obnoxias
397 2967 463 3009 csse
483 2945 597 3009 formas
620 2944 679 3033 (3).
723 2942 805 3008 Hinc
823 2943 953 3008 fortasse
974 2944 1092 3021 evenit,

18 3119 20 3122 ,
104 3064 141 3120 ut
159 3056 280 3119 Auctor
303 3057 342 3120 N.
365 3055 536 3140 tyrannidis
553 3066 583 3118 et
605 3054 818 3132 monarchiae¹
832 3077 958 3119 amnem
976 3052 1093 3120 nerum

36 3139 43 3151 ι
85 3177 137 3232 ,et
157 3163 398 3230 similitudinem
420 3151 553 3249 rejiciat.
586 3167 683 3227 Porro
708 3165 786 3228 vitio
811 3166 904 3226 vertit
929 3164 1089 3241 omnibus,

17 3258 20 3263 ’
104 3278 161 3366 qui
173 3287 431 3361 praecesserant,
442 3275 593 3360 politicis,
617 3272 701 3361 quod
715 3285 746 3338 et
756 3275 946 3338 autocratica
958 3284 988 3336 et
1007 3286 1092 3338 tem-

18 3393 20 3400 ’
102 3377 345 3476 peratio'runius
364 3388 550 3476 gubernatio
568 3387 687 3474 pariter
701 3384 895 3450 monarchia
905 3384 988 3471 apud
1002 3385 1089 3470 ipsos

5 3541 8 3552 ·
101 3504 249 3581 authent,
261 3502 428 3570 discrimen
442 3504 524 3586 inter
535 3499 657 3588 regium
665 3498 833 3587 imperium
848 3510 878 3563 et
890 3497 1087 3588 tyrannidem

101 3615 297 3682 soldmmodo
325 3638 343 3680 e
370 3614 520 3701 principis
540 3614 710 3681 virtutibus
726 3612 845 3679 vitiisve
866 3624 1007 3697 petatur,
1030 3615 1087 3699 qui

135 3915 173 3982 (li
190 3917 370 3982 Aarsrornus,
386 3919 444 3966 Pol.
463 3915 508 3963 tn.
523 3917 551 3964 ⁶.

26 4051 27 4056 ,
134 4006 175 4074 (t)
191 4010 227 4056 Ε.
240 4008 268 4080 d,
278 4010 308 4057 ι.
322 4010 356 4056 11.
373 4011 398 4055 1.
422 4006 465 4054 cf.
484 4007 528 4070 qui
539 4003 583 4051 hoc
593 4006 723 4068 vituperat,
738 4019 758 4054 r.
772 4018 797 4052 a.
808 4017 834 4051 a.
848 4015 898 4051 vor
912 4014 993 4068 roan,
1015 4004 1088 4054 detor
1130 4041 1132 4044 .

102 4101 148 4149 der
169 4098 275 4148 Geram
290 4098 393 4164 (Lipsiae
412 4092 500 4162 1750),
519 4110 540 4142 c.
554 4095 585 4142 V.
604 4094 744 4159 §tid-⁰8.

82 4260 85 4268 ι
130 4186 172 4256 13)
189 4193 288 4269 Looxr,
307 4190 342 4238 du
357 4204 435 4255 geon.
453 4188 527 4251 civit,
546 4186 669 4251 ολίῊΙ.Υ

146 4284 185 4350 ΙΙ.
860 4318 865 4329 1
897 4285 918 4343 -l
