2892 5042
797 501 892 581 ios¹
972 552 979 565 .

322 698 368 752 ⁸ut
388 686 544 764 ostendat,
568 684 726 772 quomodo
752 685 868 751 reditds
893 684 962 750 tons
983 683 1112 748 evaserit
1126 680 1318 769 jurisdictio,

331 796 398 861 tuse
417 797 555 863 doctrina
581 798 746 882 exponitur
757 797 812 860 -de
836 796 1034 882 pactionibus
1051 814 1106 858 seu
1121 793 1216 858 fredis
1234 795 1322 859 Ger-

331 910 526 976 manicarum
556 911 709 998 gentium.
739 911 870 974 Knuxrn
890 908 1099 993 disputatione
1120 905 1204 970 idem
1231 928 1323 972 oom-

331 1022 498 1106 probatum
526 1032 570 1085 est
590 1019 649 1110 (1)

375 1135 436 1198 111·
467 1132 581 1200 roas.
616 1132 873 1223 renarrans
895 1131 1005 1220 ostiara
1030 1136 1062 1193 a
1071 1129 1160 1216 jara
1175 1134 1227 1195 era
1246 1138 1323 1194 sn·
1433 1114 1434 1119 '

331 1245 427 1309 bilita
450 1255 549 1310 erant
573 1250 608 1319 in
629 1244 788 1311 Francia
808 1253 887 1309 ante
917 1242 1128 1330 carolingos.
1173 1245 1215 1307 Ut
1239 1241 1322 1306 hanc

329 1357 522 1441 argumentis
540 1355 690 1432 adstruat,
711 1356 850 1420 cursorie
869 1377 888 1417 e
906 1353 1071 1439 permultis
1086 1353 1207 1439 primae
1219 1353 1322 1439 stirpis

330 1467 555 1555 capitularibus
581 1467 740 1553 patefacit,
770 1466 942 1532 acutiorem
962 1465 1076 1530 sensim
1103 1467 1232 1531 evasisse
1255 1466 1323 1531 dis-

329 1581 514 1645 tinctionem
545 1602 672 1658 eorum,
701 1602 789 1670 guae
821 1579 955 1645 Comites
985 1588 1040 1642 aut
1067 1578 1243 1644 centenarii
1262 1601 1323 1666 pro

328 1693 415 1775 Rege
431 1693 644 1774 perciperent,
661 1702 785 1777 atquae
802 1692 835 1754 iu
851 1700 948 1753 truste
964 1689 1062 1753 autin
1077 1691 1164 1755 terris
1179 1691 1335 1773 fidelium

327 1802 416 1867 lucra
436 1802 624 1868 acciderent.
660 1805 793 1868 Tantrim
820 1804 860 1867 de
878 1802 978 1887 primi
1011 1803 1147 1891 origine3
1180 1806 1321 1870 ceterum

327 1913 367 1978 de
391 1913 453 1977 iilis
473 1915 717 1994 mutationibus,
742 1913 820 2002 quas
837 1915 933 1979 verbo
950 1925 1071 1978 notatas
1092 1915 1224 2001 legimus
1242 1917 1263 2000 §
1283 1920 1319 1993 2,

326 2031 358 2094 F.
370 2028 416 2093 tit.
435 2028 502 2107 cit,
523 2010 676 2094 sententia
692 2050 923 2107 noarssoorvn
939 2026 1024 2092 hisce
1035 2025 1169 2093 maxime
1182 2026 1322 2092 thesibus

327 2141 518 2206 continetur:
1045 2188 1047 2191 ,

369 2252 437 2318 IV&
472 2250 600 2315 Terrae
620 2254 658 2314 in
667 2252 809 2340 sendum
826 2253 928 2318 datae
946 2275 1043 2341 qnam
1062 2254 1140 2317 elain
1152 2254 1202 2319 ad
1217 2276 1318 2318 anam

326 2385 460 2428 messem
481 2368 608 2429 tantam
629 2365 901 2442 concederentnr;
922 2365 1111 2453 modoetiae
1136 2367 1208 2452 ejus
1226 2367 1317 2430 alie-

325 2478 472 2540 nationis
509 2476 559 2540 ad
591 2480 692 2542 citam
719 2466 849 2542 vasalli
880 2479 932 2542 oet
960 2481 1059 2541 ettam
1086 2478 1136 2543 od
1164 2478 1315 2543 heredem

317 2593 468 2678 primam
500 2591 683 2680 exemplum
703 2591 797 2656 dedit
813 2613 876 2655 rex
901 2611 1116 2655 narraturos
1142 2588 1216 2678 (tine
1233 2612 1315 2655 saec.

326 2699 386 2788 6ῑ);
412 2704 480 2767 late
488 2725 677 2791 progressa
696 2704 779 2768 hoec
798 2707 938 2767 mutatio
957 2702 1019 2792 snb
1043 2722 1204 2766 caorxnro
1226 2703 1267 2767 11.

253 2866 256 2871 .
368 2813 486 2875 Nititur
515 2816 627 2896 utique
646 2813 762 2878 haecce
783 2815 934 2877 sententia
954 2815 1052 2897 priori
1073 2813 1113 2877 de
1132 2825 1225 2878 acute
1244 2813 1312 2878 dis-

323 2923 502 3007 tinguendis
523 2924 756 3009 magistratibus
766 2925 860 3011 Regis
880 2934 910 2988 et
930 2923 1075 2989 leudibus
1082 2949 1090 3006 3
1114 2948 1187 2989 nam
1204 2928 1311 2990 comi-

322 3034 419 3109 tatds,
440 3033 608 3098 ducatdsve
628 3034 807 3100 hereditarii
830 3047 914 3100 certe
936 3037 1112 3121 subprimi
1133 3040 1228 3122 stirpe
1247 3060 1312 3102 non

323 3156 419 3223 erant,
436 3166 542 3232 neque
557 3148 712 3234 ignorarit
727 3170 991 3227 uorrxsoorvrns,
1010 3149 1086 3213 tales
1106 3150 1235 3213 existere
1253 3149 1312 3213 suh

325 3259 523 3348 Carolingis
539 3262 666 3325 demum
682 3264 833 3346 potuisse,
855 3264 910 3348 qui
928 3244 1019 3325 feuda
1041 3261 1310 3348 conglomerarent

323 3383 352 3436 et
364 3375 597 3457 provinciarum
611 3376 763 3459 regimina
784 3375 819 3437 in
838 3374 968 3438 feudum
980 3374 1098 3458 darent.
1121 3376 1192 3437 Rite
1203 3387 1309 3439 antem

322 3492 352 3546 et
375 3481 531 3547 ‘historiae
559 3505 697 3567 congrue
720 3483 866 3549 describit
895 3484 1001 3548 leudes
1025 3482 1307 3574 Merootngornm,

321 3588 484 3653 abutentes
499 3593 656 3656 continuis
672 3595 763 3658 bellis
779 3596 921 3660 civilibus
946 3598 1028 3661 inter
1053 3620 1158 3684 reges,
1178 3609 1213 3662 ut
1234 3601 1309 3684 ipsis

323 3711 546 3787 extorquerent
568 3706 765 3788 possessionis
784 3729 858 3771 suae
888 3708 1172 3775 consolidationem.
1208 3712 1310 3775 Maxi-

238 3846 241 3853 ·
320 3836 388 3893 ma,
420 3817 446 3878 si
475 3836 547 3879 eum
579 3815 703 3894 audias,
733 3840 838 3882 rernm
865 3821 1023 3884 conversio
1050 3820 1155 3885 iocum
1177 3820 1305 3900 habuit,

321 3975 565 3985 w—..w-

354 4061 390 4125 (l)
408 4064 444 4111 E.
456 4065 481 4111 d·
501 4064 532 4112 L.
549 4065 619 4115 m.
637 4067 750 4134 18-21,
766 4068 809 4118 25.
835 4070 919 4135 libuit,
939 4085 981 4133 op.v
994 4070 1038 4119 eit.
1054 4069 1083 4126 V,
1101 4083 1155 4133 pag.
1174 4069 1234 4132 141,
1254 4071 1306 4118 176

319 4162 344 4199 et
363 4152 420 4201 18⁴.
961 4174 964 4179 ⁴
