2892 5042
337 699 421 756 arcte
451 707 525 752 eum
547 688 722 772 juratorum
742 708 891 771 processu
910 654 1072 764 cobieret,
1092 684 1219 770 publiea
1236 685 1327 770 judi-

337 803 457 867 ciorum
478 800 602 879 notitia;
623 800 700 864 item
720 809 873 864 statutum
890 798 930 862 de
946 820 1010 862 non
1024 797 1249 863 incarcerando
1272 820 1326 876 eo,
1439 877 1441 900 A

337 914 393 1000 qui
420 914 597 978 motionem
612 911 718 977 sistere
737 922 851 998 queat,
877 920 1108 976 neenonaetus
1126 910 1183 996 qui
1203 911 1327 977 taem

336 1048 458 1115 eorpus
479 1025 594 1090 dicitur
619 1024 677 1113 (l).

381 1139 514 1221 Quaeris
544 1147 650 1201 autem
683 1139 879 1202 munimenta
906 1136 1066 1224 legitima,
1098 1137 1212 1223 quibus
1238 1136 1325 1202 cives

335 1252 461 1340 Anglici
490 1252 550 1315 tuti
579 1262 810 1336 praestarentur
840 1250 880 1315 ab
908 1249 1033 1315 ausibus
1064 1249 1243 1334 principum
1272 1250 1325 1313 vel
1440 1287 1441 1310 r

335 1366 549 1432 ministrorum
565 1363 605 1429 ad
620 1363 802 1429 evertendas
820 1364 915 1449 leges,
929 1384 1009 1427 saec.
1021 1383 1125 1447 praee.
1143 1361 1325 1427 nitebantur
1438 1421 1441 1446 Ι

335 1479 454 1545 statutis
474 1478 532 1543 sub
549 1488 684 1563 utroque
704 1474 885 1542 Stunrtonc
905 1475 1009 1560 stirpis
1034 1495 1161 1539 cuono
1186 1474 1257 1538 latis
1276 1475 1326 1539 vel

336 1592 438 1676 petitu
455 1590 598 1669 extortis3
622 1611 714 1675 porro
740 1600 772 1653 et
797 1588 1002 1664 marimens,
1025 1608 1107 1673 quae
1123 1587 1227 1672 primo
1243 1585 1326 1653 orm

337 1725 503 1774 curentur
530 1702 577 1764 Ill
598 1712 629 1765 et
651 1724 774 1765 mrsu
800 1700 919 1788 signata
944 1711 1034 1777 sunt,
1056 1722 1266 1786 concessaque
1285 1700 1326 1764 ab

336 1813 383 1878 bis
401 1813 611 1898 principibus,
634 1823 670 1875 ut
692 1812 886 1877 sancirentur
901 1812 975 1896 jura
995 1813 1223 1898 aperlamentn
1240 1813 1326 1877 invo-

277 1997 281 2004 J
336 1937 404 1993 esta
426 1927 515 1991 Febr.
539 1929 625 1992 1688
645 1923 762 1989 celebri
781 1935 895 1989 statuto
914 1923 988 2013 (tiu
1007 1927 1049 2013 ‘ff
1061 1923 1189 2014 rights)
1214 1925 1226 2015 (
1250 1923 1273 2011 ).

381 2040 581 2104 Debebantur
598 2061 636 2103 en
656 2038 754 2125 igitur
781 2038 992 2120 conversioni,
1016 2059 1098 2123 quae
1128 2049 1205 2103 tunc
1230 2037 1270 2102 ad
1281 2036 1325 2100 ti-

328 2129 410 2214 nem
420 2149 571 2233 perducta
591 2160 666 2223 erat,
689 2160 854 2234 postquam
868 2171 926 2234 per
942 2160 1042 2214 tntum
1056 2149 1325 2216 fermesaeculum
1440 2213 1441 2220 ,

340 2266 421 2327 17um
443 2261 602 2325 absolutae
618 2262 762 2344 potestati
785 2262 910 2348 Regum
928 2263 1086 2327 restitisset
1103 2263 1240 2349 populus
1260 2263 1323 2326 An-
1438 2279 1441 2306 ⁴

336 2376 444 2466 glicus.
478 2376 560 2439 Hinc
581 2375 676 2439 etiam
699 2375 817 2454 evcnit,
841 2388 877 2440 ut
903 2376 983 2441 nibil
1003 2398 1066 2441 non
1084 2377 1248 2463 egregium
1266 2399 1321 2441 ex-

303 2561 305 2566 ,
335 2489 508 2554 istimarent
530 2508 657 2565 eorum,
679 2508 761 2573 quae
779 2510 887 2553 seeum
909 2490 1022 2560 tulerat
1043 2489 1256 2555 minorabilis
1270 2490 1323 2553 ille

340 2603 490 2668 adrentus
511 2622 677 2666 nurnmmu
697 2609 889 2677 iniustior,
912 2623 950 2667 ac
971 2624 1011 2666 ne
1030 2603 1175 2667 acerrimi
1196 2602 1323 2688 quidem

335 2715 471 2799 partium
490 2714 689 2798 popularium
710 2725 956 2800 propugnatores
979 2715 1039 2778 alib
1062 2714 1246 2792 tenderent,
1265 2714 1321 2777 nisi

334 2826 373 2891 ao
401 2825 479 2890 baec
514 2823 646 2899 tuenda,
680 2823 794 2886 horum
831 2825 1080 2891 incolumitatem
1107 2827 1319 2893 sancternam.
1438 2841 1439 2846 ’

306 3019 309 3028 ,
333 2939 429 3001 Amor
449 2945 480 2998 et
499 2933 660 2998 admiratio
685 2934 911 2999 constitutionis
931 2959 1028 3022 penes
1046 2940 1166 3027 Anglos
1183 2938 1320 3026 inprimis

333 3048 428 3113 etium
448 3044 646 3132 augebantur
673 3047 794 3124 timore,
820 3070 862 3111 ne
880 3046 1035 3116 Slnortei
1057 3053 1217 3138 principes
1239 3051 1321 3116 redi-

333 3171 417 3239 rent,
441 3182 505 3248 quo
523 3158 634 3224 callide
654 3159 701 3224 uti
716 3160 857 3225 solebant
872 3162 1006 3226 ministri
1021 3166 1147 3251 Regum
1158 3164 1331 3229 nmmos-¹

331 3279 492 3353 censium,
508 3274 547 3340 ad
564 3273 778 3361 delegatorum
787 3273 1036 3357 benevolentiam
1051 3275 1109 3339 sibi
1126 3276 1317 3361 captandam.

371 3391 418 3453 Ita
429 3391 522 3454 etiam
539 3409 802 3466 uonrnsourvrus,
821 3408 921 3472 quum
930 3388 1046 3475 Auglos
1062 3388 1232 3455 familiares
1252 3412 1319 3454 suos

331 3501 375 3587 (v.
399 3522 491 3583 supra
513 3520 540 3562 c.
558 3498 628 3584 I,§
654 3497 685 3583 t)
715 3498 755 3561 de
784 3499 907 3585 legibus
937 3500 1071 3585 publicis
1101 3501 1146 3566 ita
1170 3487 1318 3568 confaan
1436 3527 1437 3552 1

365 3734 402 3803 (l)
419 3732 449 3782 V.
467 3743 581 3795 natoue,
601 3733 699 3791 Conse,
717 3729 736 3779 l.
747 3731 769 3793 Ι,
786 3747 808 3779 c.
819 3713 878 3779 x'ur
897 3732 929 3799 (v.
948 3733 968 3798 1,
987 3735 1106 3799 pag-184
1122 3733 1197 3801 squ),
1224 3736 1316 3785 urrer-

330 3826 745 3895 trott1‚Comm.l‚r.l‚n⁰.2.

364 3921 401 3990 (2)
418 3924 500 3980 lione,
519 3920 588 3968 [list.
603 3915 764 3983 ofEnglorul
781 3915 893 3982 (cunnus
911 3914 950 3986 1),
968 3919 1107 3984 praesertim
1124 3916 1162 3967 cb.
1179 3918 1218 3978 tt,
1236 3916 1318 3984 ibique
1389 3971 1393 3977 ,
1435 3945 1436 3966 r

330 4017 384 4065 nott
395 4016 448 4079 Μῦς
466 4012 578 4079 (casatas
595 4009 639 4073 ll),
658 4010 697 4059 cb.
713 4009 811 4059 txvtt.
827 4011 965 4078 Scotusae,
984 4014 1054 4061 liist.
1070 4009 1103 4077 ef
1115 4012 1187 4062 mo.
1205 4011 1316 4079 (urcem
1434 4027 1435 4034 ¹

329 4106 380 4157 ond
398 4103 483 4168 usar),
501 4103 538 4152 eh.
558 4104 580 4150 1.
610 4104 791 4169 Biscnsron,
812 4104 902 4154 Coum.
920 4106 941 4153 1.
958 4105 984 4152 a.
1003 4105 1126 4166 butorus,
1147 4103 1234 4154 Cosst.
1251 4104 1271 4152 l.
1289 4104 1314 4165 l,

328 4216 349 4250 c.
366 4198 390 4247 ll
408 4196 445 4264 (v.
457 4197 479 4256 1,
495 4209 550 4260 pag.
563 4194 621 4258 δίης
641 4194 658 4243 Ι.
670 4195 705 4260 ll,
724 4194 820 4244 cxlv.
839 4196 922 4262 (ult,
940 4199 1043 4261 prgtos
1059 4195 1124 4264 sqq.)
1180 4263 1185 4270 ι
