2892 5042
578 533 622 594 33

94 737 97 744 ’
131 711 183 773 2⁰.
229 708 314 772 ltem
331 708 392 772 alio
408 708 478 775 loco
488 707 534 796 (1)
553 712 669 789 statuit,
690 712 810 778 divitias
826 713 928 779 lundis
946 727 1088 783 constare

84 829 120 881 et
135 818 242 883 rebus
261 818 442 898 mobilibus,
458 821 568 907 ibique
586 824 755 906 pecuniam
772 825 888 910 pariter
908 849 981 891 eum
997 830 1091 894 resti·

80 931 158 1007 bus,
166 929 311 1016 aliisque
321 932 478 997 mercibus
488 945 638 999 recenset.
653 935 713 1000 nto
722 936 884 1002 meliorem
892 937 1088 1006 denuovianr
1179 983 1183 998 ·

78 1041 254 1108 invenisse
274 1044 434 1121 videatur,
465 1067 561 1130 quam
582 1044 766 1113 decessores.
801 1049 864 1113 Se'd
882 1051 987 1116 minus
1003 1063 1089 1118 recte

81 1154 201 1230 (locet,
223 1175 319 1238 opes,
345 1176 427 1239 quae
447 1155 554 1220 fundis
571 1158 695 1234 insunt,
713 1158 857 1225 immotas
873 1184 1016 1240 manere,
1033 1185 1089 1228 au·

83 1268 158 1355 geri
178 1288 253 1332 non
274 1288 384 1352 posse,
404 1267 438 1331 id
454 1268 550 1354 igitur
571 1270 686 1355 cuique
705 1272 824 1356 populo
840 1273 999 1359 agendum
1015 1295 1090 1351 esse,

83 1391 123 1444 ut
154 1379 334 1443 mobilium
368 1400 464 1464 quam
497 1380 633 1465 plurima
662 1393 693 1445 et
720 1384 938 1466 pretiosissima
968 1385 1091 1451 babeat.

83 1495 210 1577 Neque
229 1491 293 1555 hoe
314 1490 442 1556 difficile
459 1513 524 1555 esse
544 1493 688 1577 opinatur
705 1495 808 1579 genti,
831 1483 922 1579 cujiu
940 1496 1041 1559 solum
1062 1506 1093 1559 et

85 1604 257 1670 industria
283 1603 420 1668 multum
436 1604 609 1687 proferant3
632 1597 768 1690 populus
790 1608 883 1684 verb,
904 1610 959 1692 qui
984 1607 1092 1692 paucis

89 1717 239 1803 gandeat
261 1716 355 1780 rebus
373 1716 539 1794 eonfectis,
560 1718 628 1803 ipso
648 1717 773 1801 judice,
796 1720 910 1784 melius
926 1719 994 1784 sibi
1015 1741 1094 1785 con-

89 1832 187 1910 sulet,
208 1829 237 1894 si
256 1828 380 1895 medico
397 1830 481 1894 victu
493 1840 657 1895 contentus
675 1831 781 1915 paucis
799 1832 861 1895 illis
880 1831 974 1908 vivat,
989 1853 1094 1917 ·quasn

90 1946 118 2009 si
133 1944 272 2009 aliunde
289 1954 374 2028 petat
392 1964 441 2006 res
459 1943 561 2026 potius
583 1942 770 2025 superfluas,
792 1943 906 2028 quibus
925 1943 1021 2028 potiri
1041 1963 1096 2006 ne·

89 2067 215 2143 queat,
243 2054 303 2118 nisi
325 2053 465 2118 alienatis
486 2052 579 2117 rebus
596 2053 792 2134 necessariis3

141 2173 207 2233 3⁰.
231 2166 322 2231 Licet
346 2165 443 2252 igitur
468 2164 636 2232 observatis
659 2165 728 2250 ipse
755 2164 817 2229 suis
849 2186 921 2230 non·
938 2187 1012 2231 usus
1040 2166 1097 2245 sit,

94 2292 134 2344 ut
156 2280 270 2345 facere
299 2278 498 2363 oportuisset,
530 2288 634 2342 tamen
663 2277 778 2361 judieii
807 2297 941 2344 acumen
968 2300 1033 2344 non
1056 2280 1099 2344 ita

96 2413 347 2469 massacius
368 2389 428 2455 hle
445 2390 480 2454 in
497 2387 659 2466 redoluit,
679 2400 716 2453 ut
731 2390 851 2455 necubi
863 2391 1001 2484 vulgaris
1022 2394 1101 2456 reti-

99 2506 172 2570 onis
191 2502 312 2590 agendi
329 2500 459 2565 mendas
476 2496 675 2585 perspexerit.
698 2500 737 2564 Id
754 2501 863 2567 resera
877 2512 962 2584 patet
981 2504 1101 2586 exejus

96 2615 231 2701 judicio
246 2614 288 2677 de
298 2612 465 2696 Hispaniae
474 2621 659 2696 paupertate
670 2621 701 2674 et
711 2611 849 2696 pernicis
869 2612 936 2675 orsa
955 2634 991 2675 ex
1009 2613 1103 2677 auri·

100 2728 240 2808 fodinis3
252 2749 311 2792 nse
326 2748 390 2792 nou
405 2726 446 2790 de
460 2724 579 2810 ineptit
590 2745 711 2802 eorum,
727 2746 809 2809 quae
826 2726 862 2788 in
870 2725 993 2810 Europa
1004 2723 1104 2789 ubivis

98 2853 227 2907 statuta
251 2851 362 2917 erant,
383 2862 425 2904 ne
442 2839 571 2925 singulis
592 2836 775 2925 regionibus
792 2836 912 2903 exirent
932 2839 1068 2905 metalla.

155 2955 205 3018 De
234 2953 375 3038 Hispanis
402 2951 440 3017 A.
472 2952 509 3017 N.
536 2951 673 3039 quaerit,
706 2951 763 3037 qul
787 2949 856 3016 fieri
884 2951 1037 3038 potuerit,
1068 2960 1105 3015 ut

108 3091 147 3133 ea
176 3089 271 3154 gens,
298 3076 464 3149 postquam
481 3066 540 3130 sub
562 3085 691 3129 cunone
709 3065 740 3131 V
759 3076 884 3147 apertae
907 3066 1036 3128 luissent
1051 3062 1102 3126 lo-

62 3240 69 3249 ,
106 3180 207 3244 dinae
233 3176 411 3252 Amerioee,
435 3174 610 3238 divitiarum
636 3171 1105 3249 fontes,indeannrn1rroll

108 3289 282 3376 pauperior
297 3288 331 3350 in
355 3286 420 3350 dies
436 3286 568 3350 evaserit
586 3281 644 3370 (2).

157 3400 222 3467 Alii
236 3401 301 3486 jam
325 3400 481 3474 dixerant,
505 3397 565 3462 boc
592 3395 663 3461 ideo
682 3394 845 3472 accidisse,
868 3392 953 3479 quod
976 3393 1105 3480 Hispani

113 3503 224 3579 omnes
243 3535 339 3599 opum
356 3512 470 3589 fontes,
487 3533 564 3599 quos
586 3503 671 3573 domi
690 3506 858 3584 baberent,
884 3504 1101 3592 neglexissent,

114 3628 254 3693 colonias
281 3627 375 3693 unice
402 3636 555 3692 curantes.
596 3622 633 3688 Id
661 3631 847 3688 autemnon
865 3618 1006 3684 sufficere
1023 3615 1104 3682 arhi-

115 3843 225 3894 sdbaesit
241 3853 322 3907 utin,
341 3855 372 3889 ost
396 3839 438 3886 tlte
456 3837 548 3886 illotas
561 3830 700 3896 assiaticus
717 3824 818 3893 (1724),
835 3825 861 3871 3.
879 3822 910 3886 l,
927 3837 949 3869 c.
967 3820 994 3868 6.
1012 3817 1106 3867 Recen-

117 3937 191 3984 tiores
207 3934 347 3999 implicitam
365 3929 437 3991 magis
453 3927 503 3974 not'
497 3940 574 3972 ionem
591 3919 622 3968 de
639 3917 728 3967 valoris
738 3916 830 3979 origine
839 3920 865 3961 ct
876 3911 957 3961 norm}
970 3909 1029 3958 tuiti
1039 3918 1106 3959 mut.

381 4018 409 4065 x.
429 4018 474 4063 2³.

62 4149 69 4154 -
152 4024 246 4184 ((3))ξῖο
266 4026 293 4162 b.
311 4025 343 4163 b.
359 4019 422 4159 {til
438 4108 482 4154 22
501 4102 560 4153 Gall.
579 4109 683 4160 narsae,
701 4096 772 4148 Hist
787 4095 857 4160 past
873 4098 976 4164 nepot,
982 4094 1104 4210 doctius

115 4209 245 4271 ,ludesst
247 4207 317 4265 .Ιί,Ι
336 4203 354 4251 l.
372 4202 474 4264 vttt,e
476 4196 544 4245 3,3.

880 4283 931 4341 7*
