2892 5042
587 539 629 598 85

65 734 68 738 ’
99 720 305 801 immisceret
317 713 374 802 (1).
398 715 526 799 Reliqui
541 717 619 789 loci,
642 715 755 799 quihus
775 737 806 780 u.
825 715 924 780 utitur
946 716 986 781 ad
1005 717 1104 782 thesin

114 848 206 890 suam
221 824 428 908 probandam,
451 848 501 889 eas
519 825 679 901 continent
699 826 987 905 animadversiones,
1007 850 1100 913 quae,

114 937 205 1000 lectis
214 935 350 1019 antiquis
365 918 531 1012 historicis,
541 934 718 1021 urrictrique
736 937 828 1002 facile
841 940 880 1002 ob
889 951 1029 1003 mentem
1039 961 1106 1003 ver-

114 1057 233 1124 santur,
254 1069 313 1112 nec
332 1069 398 1111 rem
418 1049 618 1133 praecipuam
633 1050 700 1112 ullo
716 1051 809 1114 modo
820 1062 978 1136 spectant;
997 1052 1044 1114 uti
1059 1055 1107 1116 2⁰.

112 1160 266 1223 Senatum
282 1159 449 1244 aliquoties
466 1160 589 1224 bellum
600 1160 739 1236 suasisse,
759 1172 795 1225 ut
811 1162 938 1244 plebem
959 1172 1109 1226 averteret

113 1270 372 1351 aseditionibus3
393 1275 439 1334 3⁰.
460 1270 573 1334 milites
601 1271 675 1335 inde
695 1295 714 1335 a
732 1273 868 1337 Mariano
887 1274 973 1338 bello
996 1275 1068 1357 plus
1090 1297 1109 1337 a

114 1381 199 1446 duce
216 1403 284 1457 suo,
300 1402 397 1466 quam
408 1404 502 1466 arcp.
516 1394 721 1467 exspectasse3
743 1387 788 1448 4⁰.
806 1386 981 1450 Romanam
994 1383 1109 1448 civita-

115 1503 183 1553 tem
201 1490 329 1553 minoris
344 1468 437 1574 pretii
455 1490 551 1554 fuisse
574 1493 785 1566 aestimatam,
806 1513 842 1555 ex
861 1513 925 1575 quo
947 1515 1020 1555 cum
1047 1502 1112 1554 toto

116 1600 195 1663 orbe
221 1611 374 1664 terrarum
404 1600 632 1665 communicata
669 1601 773 1666 fuerit.
830 1600 952 1664 Desinit
986 1601 1111 1665 tandem

116 1703 218 1778 critici
245 1711 411 1795 disputatio
432 1713 544 1776 eximie
564 1712 719 1778 laudando
734 1733 879 1777 rosarum
900 1714 1061 1800 epilogum
1073 1713 1112 1778 de

116 1821 310 1909 providentii
335 1823 469 1907 fatisque
490 1824 661 1889 nationum.
697 1825 736 1887 Et
759 1823 845 1888 hunc
866 1835 897 1886 et
919 1834 1021 1889 totum
1036 1845 1113 1909 opus

115 1956 212 2000 nemo
227 1918 285 2011 est,
305 1936 383 2018 quin
401 1932 546 1998 laudibus
563 1934 680 2010 efferat,
696 1933 750 1997 sed
761 1933 937 1999 inauditum
946 1935 1112 2018 hucusque

116 2047 243 2121 suerat,
264 2046 298 2108 in
325 2067 363 2108 eo
383 2044 529 2108 historiae
547 2042 782 2129 philosophicae
811 2046 969 2129 specimen
991 2044 1111 2131 quaeri.

165 2158 236 2220 lam
250 2177 321 2219 nea
338 2173 573 2231 uorsusomvm
591 2155 789 2235 aberremus;
812 2157 838 2219 is
850 2157 884 2220 in
903 2155 1043 2222 nomndis
1064 2156 1113 2219 la-

117 2265 223 2330 bantia
239 2265 373 2330 Romani
391 2264 516 2350 imperii
535 2268 651 2342 causis,
679 2265 768 2330 illam
785 2278 911 2331 secutus
934 2279 978 2331 est
993 2264 1115 2330 metho-

119 2377 199 2441 dum
225 2388 261 2440 ut
290 2376 398 2440 sedulo
430 2375 558 2440 evitaret
583 2377 745 2462 vulgarem
765 2398 918 2453 errorem,
951 2366 1054 2441 omnia
1075 2399 1115 2449 ex

121 2508 187 2551 uno
214 2485 367 2570 principio
396 2484 546 2564 duceudi;
578 2487 686 2570 itaque
713 2489 835 2570 quoties
863 2488 957 2552 aliam
977 2486 1115 2552 'aetateiu

120 2595 291 2671 describat,
318 2595 379 2658 alia
406 2595 499 2658 etiam
529 2595 678 2657 continui
708 2583 882 2658 ob'oculos
913 2597 1002 2677 ponit
1023 2597 1115 2671 sitia,

120 2707 217 2771 aliam
245 2704 358 2790 agendi
387 2703 606 2790 cogitandique
630 2702 783 2767 rationem
807 2704 1030 2783 Romanorum.
1074 2704 1116 2767 Iis

120 2814 318 2902 potissimum
345 2814 488 2878 interitds
514 2813 613 2878 camis
642 2812 784 2877 animum
809 2812 966 2889 adtendit,
990 2834 1115 2899 quaec

66 2906 69 2915 Ι
121 2928 213 2991 malis
233 2927 365 2992 consiliis
385 2929 436 2990 ael
471 2926 622 3009 corruptis
641 2924 798 3000 moribus,
825 2924 932 3010 itaque
953 2940 993 2989 ex
1014 2923 1115 2990 homi-

158 3171 193 3235 (l)
220 3174 265 3220 Gr.
282 3178 308 3218 ot
322 3169 386 3218 Dic.
412 3186 434 3216 c,
460 3168 492 3216 8:
519 3169 641 3232 siluasque
666 3165 702 3214 les
722 3163 845 3227 plebtiens
870 3173 960 3213 eurem
986 3163 1111 3211 tellement
1124 3180 1136 3195 .

121 3261 214 3311 abaisse'
230 3259 265 3306 les
281 3259 424 3322 patriciam,
451 3273 498 3319 que
515 3262 577 3301 cette
595 3255 735 3300 distinction
752 3250 793 3299 des
809 3249 912 3298 lamilles
929 3249 1012 3298 derint
1028 3252 1115 3314 vaiue,

113 3361 149 3400 -et
166 3364 212 3414 que
229 3348 264 3395 les
280 3360 337 3394 unes
354 3354 380 3393 et
394 3344 429 3391 les
446 3351 525 3391 autam
541 3341 624 3388 iurent
645 3338 846 3389 indifferemment
870 3338 962 3386 iliades
978 3355 1025 3388 aux
1047 3338 1111 3425 hon·

123 3454 209 3504 naurs,
233 3435 251 3484 il
268 3453 284 3502 y
303 3444 344 3484 eut
361 3433 390 3483 dc
406 3435 536 3481 nouvelles
553 3431 668 3497 disputes
691 3439 759 3478 entre
780 3428 804 3477 le
826 3427 868 3478 has
883 3427 971 3494 peuple
988 3430 1052 3501 agite
1069 3446 1111 3496 par

123 3532 160 3579 les
181 3527 289 3588 tribuna,
316 3535 341 3574 et
363 3524 397 3572 les
419 3521 562 3589 principales
578 3520 682 3570 iamilles
697 3520 868 3585 patriciamrca
890 3527 917 3568 et
932 3521 1096 3584 pertisum
1101 3559 1111 3583 ,

87 3598 91 3607 ι
123 3620 199 3688 qu'on
224 3617 328 3684 appelait
342 3616 388 3664 les
409 3611 510 3663 nobles”
538 3621 584 3661 etc.
604 3637 636 3652 -
664 3611 754 3676 Aperte
783 3613 927 3661 scunarium
949 3613 985 3660 ait
1001 3624 1112 3681 somma,

124 3730 147 3762 c.
166 3713 182 3759 'l
200 3718 260 3758 extr.
282 3709 419 3773 optimates
436 3704 533 3753 minime
551 3700 727 3752 confundendos
744 3718 796 3752 cum
809 3704 944 3767 patriciis,
956 3704 1030 3766 magis
1041 3703 1113 3751 stiam

125 3802 239 3868 adparet,
259 3801 279 3848 si
297 3800 448 3863 inspiciemus
464 3807 591 3859 sonorior,
619 3795 649 3843 de
665 3795 783 3859 pestibus
799 3794 925 3842 Roorcna's
942 3790 1012 3858 (suhj.
1035 3802 1113 3838 nostru

125 3891 191 3944 Ant.
209 3893 280 3940 liora.
298 3886 468 3938 Amstelodami
485 3882 576 3948 174³),
594 3884 711 3949 papilii
727 3898 789 3948 sqq.;
806 3881 843 3931 ibi
860 3880 891 3931 ad
907 3879 1014 3946 plebeias
1031 3888 1112 3947 gentes

125 3981 268 4047 psmnuisse
282 3979 394 4043 leguntur
406 3990 463 4039 eg.
481 3986 589 4038 mrsu,
606 3984 713 4032 sucum,
732 3982 844 4033 miuus,
863 3981 965 4036 oramus,
986 3981 1111 4035 salmas,

125 4084 154 4122 rs.
173 4079 198 4120 et
213 4083 237 4119 o.
257 4081 334 4134 sarrs,
351 4065 466 4131 multique
474 4079 533 4129 quos
552 4061 581 4111 ad
598 4063 729 4126 optimates
745 4061 835 4112 referre
852 4078 921 4112 nemo
939 4060 1041 4121 dubitet.
1071 4062 1106 4111 lle

127 4161 224 4210 civitate
242 4158 471 4208 communicationes
488 4152 556 4202 Italis
573 4169 598 4206 r.
615 4167 635 4200 c.
655 4153 679 4200 o.
