2892 5042
604 544 643 604 61

131 720 176 782 tio
197 721 320 784 institui
339 730 439 805 potest
460 719 499 783 de
519 727 627 808 gustu
649 724 834 808 acquisito,
862 723 918 807 qui
937 723 971 785 in
991 742 1121 807 compa·

129 831 505 923 rando,(conjungcndo,
535 830 685 917 imagines
710 834 884 898 revocando
905 835 953 898 rel
973 834 1120 921 fingendo
1165 901 1167 905 ,

127 953 277 1008 versatur.
303 943 382 1007 Dein
400 943 589 1008 facultatum
610 944 725 1007 mentis
744 944 866 1030 aliquot
887 945 1119 1010 definitionibus

48 1086 52 1097 ¹
125 1056 207 1121 datis
229 1053 322 1144 (quae
337 1055 511 1122 Lockianae
534 1054 751 1141 philosophiae
769 1058 905 1122 maxime
924 1055 1116 1144 congruunt)

125 1165 166 1231 ad
177 1168 245 1251 ipsa
261 1167 422 1256 placendi
439 1179 607 1251 praecepta
627 1168 756 1232 transit,
784 1169 874 1248 Quae
889 1169 956 1252 jam
975 1154 1009 1232 in
1025 1190 1118 1253 opus·

127 1280 201 1344 culo
216 1291 403 1366 sequuntur,
427 1279 523 1364 siquis
542 1289 627 1343 recte
639 1279 768 1365 legerit,
781 1280 960 1364 apparebit,
977 1301 1119 1345 nonnas·

17 1448 18 1451 ,
130 1412 271 1467 onrrrnn
296 1394 446 1477 cogitasse
469 1389 509 1454 de
535 1410 572 1453 eo
590 1391 744 1455 societatis
764 1413 895 1477 genere,
925 1392 960 1454 in
979 1412 1043 1477 quo
1061 1391 1117 1455 din

127 1524 219 1587 saepe
235 1503 432 1579 versabatur,
458 1503 611 1586 cujusque
628 1502 774 1565 manibus
796 1513 832 1564 ut
850 1513 1025 1567 versaretur
1051 1503 1116 1585 ejus

128 1637 224 1700 opus,
258 1617 366 1702 magni
392 1617 551 1680 intererat.
586 1611 786 1679 hosthetices.
803 1616 887 1678 enim
912 1636 986 1678 suae
1004 1614 1116 1679 lunda·

126 1738 269 1791 mentum
300 1727 424 1813 quaerit
455 1727 489 1788 in
514 1727 590 1789 novi
622 1724 762 1805 discendi
787 1726 891 1789 studio
917 1725 1114 1815 (curion'td).

121 1843 205 1907 lluic
235 1842 363 1917 artilex,
393 1849 501 1925 poma,
534 1841 666 1924 scriptor
692 1851 766 1904 ante
794 1841 900 1904 omnia
933 1840 1112 1916 satisfaciam

125 1955 210 2040 quod
230 1954 400 2018 chmelius
421 1951 527 2027 cedet,
558 1952 621 2035 qud
646 1952 741 2035 plura
759 1952 853 2014 simul
876 1953 975 2016 oculis
999 1972 1114 2035 propo·

123 2078 247 2132 nantur.
267 2065 416 2148 Exempla
433 2062 533 2127 adfert
547 2063 642 2147 petita
663 2084 699 2126 ex
715 2061 880 2127 hortorum
902 2063 1112 2147 plantatione,

124 2202 141 2243 e
158 2180 251 2263 pictis
269 2177 400 2252 tabulis,
425 2174 551 2240 tandem
571 2197 588 2237 e
607 2175 695 2260 stylo.
720 2174 923 2239 Commendat
943 2197 980 2238 eo
998 2176 1032 2238 in
1048 2195 1113 2261 ge-

123 2312 198 2356 nere
218 2291 325 2356 eadem
349 2290 406 2354 illa
425 2275 705 2376 apophthegmata,
736 2287 775 2353 de
799 2289 914 2374 quihus
941 2288 1034 2352 modo
1061 2288 1114 2351 lo·

123 2406 188 2471 cuti
218 2426 341 2479 sumus,
374 2402 494 2487 quippe
517 2422 599 2485 quae
628 2402 662 2464 in
686 2402 827 2465 mimum
856 2402 981 2465 lectoris
1008 2401 1113 2484 plures

121 2517 215 2580 simul
244 2526 293 2579 res
306 2524 466 2580 revocent
496 2524 527 2577 et
555 2514 648 2576 simul
677 2514 745 2597 ejus
772 2517 919 2578 sanitati
948 2514 1110 2598 placeant,

122 2648 223 2714 quum
242 2626 336 2691 iacile
356 2624 594 2710 consequentias
606 2623 688 2686 inde
702 2623 825 2687 derivet
844 2635 875 2686 et
890 2625 1037 2688 invenire
1053 2624 1110 2689 sihi

121 2737 273 2804 rideatur.
299 2738 344 2800 Ex
361 2734 470 2800 eodem
486 2733 589 2798 studio
604 2733 704 2797 multa
724 2733 819 2797 simul
835 2733 943 2798 lectori
964 2732 1112 2797 offerendi

121 2850 317 2926 ducendum,
338 2847 422 2934 quod
439 2868 689 2926 uonrnsourrrns
704 2867 795 2931 saepe
809 2849 910 2913 multa
929 2869 1109 2935 magnaque

119 2973 303 3051 argumenta
318 2961 456 3045 junctim
474 2959 635 3024 tractanda
653 2957 868 3044 adgrediatur,
895 2961 1107 3044 etsuscipiat,

28 3093 32 3099 ·
120 3075 203 3162 qnod
217 3074 341 3139 humeri
355 3074 437 3148 terre
456 3081 600 3138 recusent
618 3066 678 3157 (1).
708 3070 746 3135 Id
762 3073 896 3138 maxime
913 3074 973 3156 ipsi
983 3073 1105 3149 nocuit;
1176 3164 1179 3173 Δ

138 3369 189 3436 ”(1>
210 3372 261 3433 Sic,
280 3379 307 3417 nt
323 3385 371 3417 nno
389 3376 482 3417 tantum
498 3363 606 3430 exemplo
623 3374 696 3427 utar,
714 3366 748 3412 Ε.
767 3366 791 3413 d.
810 3365 839 3412 t.
858 3362 945 3412 XXVI.
965 3366 992 3427 1,
1007 3365 1108 3427 promit·

116 3463 148 3511 tit
168 3478 192 3509 se
215 3460 261 3510 hoc
283 3458 556 3524 libro'explicaturnnr,
577 3456 666 3522 quihus
687 3457 834 3520 argumentis
856 3454 948 3520 singula
970 3448 1108 3522 adplicando

113 3556 170 3618 iura
192 3555 328 3618 privatam,
348 3550 489 3617 publicum,
514 3551 637 3613 gentium,
662 3548 801 3610 humanum,
823 3547 947 3609 (lirinum,
965 3547 1108 3598 ecclesiasti·

118 3663 184 3715 cnm,
202 3647 354 3707 canonicam
378 3651 404 3691 et
428 3641 488 3708 qaid
506 3641 560 3693 fieri
579 3649 703 3706 oportent,
720 3650 750 3689 ut
769 3642 873 3691 nitetur
893 3641 953 3691 ialaa
972 3641 1107 3708 applicatio.

118 3738 155 3791 ci.
173 3742 319 3802 Anonymi!
331 3736 363 3786 ad
381 3736 412 3784 lc.
425 3735 479 3787 noti
490 3752 509 3783 n
524 3733 580 3801 (ld.
597 3730 770 3783 dmstelodanri
787 3746 812 3783 et
828 3735 938 3798 lipsiae,
959 3732 1052 3798 1703).“
1071 3733 1106 3779 lle

116 3833 224 3882 nnir'erso
251 3840 322 3895 opere
347 3830 397 3894 ipse
422 3828 513 3878 fatetur
536 3836 618 3876 auctor
635 3826 685 3876 XX.
704 3828 728 3874 1.
769 3825 818 3874 loro
835 3825 952 3887 XXVIII,
970 3824 1005 3871 45
1026 3820 1106 3886 lepide

115 3922 210 3972 sibimet
234 3921 334 3985 irridet,
355 3919 422 3986 qnod
448 3919 542 3984 longine
564 3917 682 3968 abductus
705 3917 738 3964 sit
762 3915 844 3964 studio
862 3914 938 3964 multa
955 3913 1025 3962 simnl
1043 3924 1106 3965 trae.

118 4012 199 4063 tandi:
225 4014 270 4063 iile
286 4015 337 4067 anis
355 4028 443 4062 comme
460 4021 498 4060 cet
515 4010 664 4074 antiquaire,
682 4009 740 4072 qui,
767 4015 861 4070 partant
878 4004 907 4053 de
924 4021 965 4054 aon
977 4022 1048 4073 pays,
1066 4024 1106 4059 aa·
1217 4075 1219 4079 Ι

118 4105 168 4155 riva
186 4120 215 4153 en
232 4106 342 4171 Κωμία,
363 4106 411 4168 jeta
437 4118 471 4153 nn
492 4114 550 4166 corp
574 4097 663 4148 d‘oenil
686 4114 726 4146 aur
747 4096 782 4147 lea
804 4096 937 4164 pyramides
958 4108 983 4148 ct
998 4100 1048 4150 s'en
1065 4117 1105 4147 re·

92 4206 97 4215 '
119 4194 229 4249 tonrna.”
