2892 5042
585 510 624 572 57

106 704 167 749 vro
194 682 314 749 vividae
333 685 518 768 studenti,
539 686 565 748 si
582 687 772 775 jungamus,
791 711 874 776 quae
893 693 953 777 ipsi
980 695 1107 759 inerant

107 796 194 859 utitis
216 782 388 860 indoles'et
407 806 511 861 metus
534 800 642 863 necui
664 799 913 889 offenderam),
938 806 1104 889 perspicue

110 906 293 990 adparcbit,
322 929 381 973 cur
400 908 520 994 ubique
540 910 581 977 ab
609 911 678 993 ejus
696 912 778 998 stylo
798 914 877 978 absit
899 915 1027 980 mordax
1047 917 1103 981 illa

15 1084 16 1089 ,
109 1018 229 1096 nonu,
262 1040 345 1104 quae
361 1042 393 1086 e.
413 1045 445 1106 g.
463 1022 615 1086 omnibus
635 1020 858 1109 philosophicis
885 1038 916 1091 et
948 1026 1103 1094 historicis

112 1129 276 1197 nonnullis
292 1144 446 1196 venusius
469 1134 595 1217 scriptis
624 1134 716 1201 inest.
756 1136 945 1202 Benevmam
974 1160 1104 1226 quoque

106 1240 247 1307 indolem
267 1243 345 1327 sapit
356 1266 589 1322 nosrsspurarr
615 1246 757 1324 baum,
778 1269 879 1334 quum
898 1272 948 1334 ep.
970 1252 1044 1316 iam.
1063 1254 1103 1314 47

111 1353 298 1436 loquetetur
330 1355 369 1419 de
401 1356 610 1421 berolinensis
648 1357 774 1423 scholae
806 1359 1015 1445 philosophis,
1048 1363 1106 1447 qui

114 1464 221 1529 ironiis
241 1465 394 1547 ejusmodi
413 1469 546 1531 maxime
570 1468 817 1533 delectarentur:
848 1475 910 1536 »Le
927 1475 992 1537 bon
1013 1475 1108 1557 esprit

64 1570 76 1611 ”
114 1588 191 1651 saut
217 1578 326 1641 micus
344 1599 407 1663 que
426 1579 456 1642 le
481 1580 533 1643 bel
555 1581 684 1663 csp1·it.’'
701 1616 749 1629 -
770 1582 828 1658 As,
848 1580 933 1647 bisce
960 1583 1107 1648 laudibus

117 1688 213 1771 objici
232 1690 343 1773 possit,
370 1689 489 1754 ironiae
515 1690 610 1754 causi
629 1692 732 1755 multa
756 1694 936 1777 conscripta
955 1694 1052 1758 videri
1071 1695 1107 1758 io

111 1823 345 1878 nonnmcurvrr
366 1802 528 1887 operibus;
550 1823 652 1886 quum
674 1814 705 1867 et
731 1805 874 1871 Persicae
899 1806 1050 1890 epistolae
1067 1810 1105 1872 ob

112 1912 244 1981 tendant
268 1924 419 1990 cunctae,
441 1925 478 1977 ut
499 1915 638 1979 mosibus
656 1916 838 1999 aequalium
859 1917 1002 1996 irrideat,
1025 1929 1057 1982 et
1071 1919 1106 1982 in
1141 1912 1143 1917 ’

113 2024 184 2110 ipsc
206 2046 329 2112 magno*
344 2047 437 2110 opere
455 2046 547 2107 saepe
564 2025 630 2107 joci
659 2035 690 2087 et
718 2026 796 2089 sales
817 2026 1031 2105 inveniantur,
1049 2028 1105 2091 ubi

112 2137 223 2202 seriam
251 2147 445 2219 exspectares
468 2135 748 2202 ratiocinationem.
778 2139 911 2216 Verdm,
940 2139 1025 2224 quod
1041 2161 1105 2204 res·

114 2247 285 2332 pendeam,
308 2248 340 2311 in
361 2258 487 2332 promtu
509 2258 564 2314 est.

155 2359 450 2443 Primoenimlqm,
471 2359 620 2436 facetiae,
641 2359 758 2444 quibus
776 2362 809 2424 in
829 2362 993 2448 colloquiis
1009 2362 1103 2427 etiam

113 2472 294 2536 excelluisse
322 2492 588 2549 nonnuscorvtun
624 2482 789 2536 testantur
807 2473 970 2558 aequales,
1007 2474 1103 2561 longe

113 2585 227 2647 absunt
239 2583 279 2646 ab
300 2603 336 2644 eo
355 2583 436 2658 risu,
461 2583 518 2665 qui
538 2594 677 2645 mentem
696 2594 875 2667 aegrotam,
900 2584 1016 2669 cuique
1037 2606 1104 2648 om-
1146 2557 1151 2569 .

111 2693 164 2761 nia
193 2693 376 2777 displicent,
405 2691 559 2756 ostendat.
603 2691 684 2755 Hinc
712 2693 826 2774 procul
852 2713 1105 2769 nonsasqnmos

319 2874 364 2882 ...-

113 2974 233 3039 laudarit,
260 2975 336 3025 media
363 2992 411 3025 non
436 2975 526 3025 dedisse
545 2976 675 3043 quosdam,
697 2975 785 3042 quibua
801 2992 815 3023 a
832 2974 955 3024 barbarico
973 2978 1019 3024 isto
1039 2993 1103 3024 more

112 3066 209 3117 liberari
232 3076 306 3133 qoeat
321 3066 450 3117 hamanum
469 3083 560 3134 genas5
586 3078 611 3116 at
628 3070 693 3133 ipse,
717 3069 809 3133 primas
825 3067 877 3116 lere
895 3066 951 3117 talis
969 3068 1102 3117 sententiae

114 3167 209 3223 auctor,
234 3158 327 3207 oollam
347 3174 413 3222 spons
437 3160 518 3209 lovers
540 3168 634 3224 poterat
651 3158 768 3208 abolitam
784 3161 816 3207 iri
833 3175 884 3208 esar
901 3158 1103 3208 comoetndiaan.

113 3248 207 3315 Quippe
232 3249 352 3315 complura
375 3251 428 3313 ejus
450 3251 502 3321 aeri
526 3248 662 3298 foederibus
687 3250 788 3298 delinita
813 3248 958 3296 ditaturum
981 3250 1103 3297 notionum

114 3342 221 3405 Europae
244 3341 301 3403 juro
318 3341 345 3388 in
362 3338 455 3404 agendi·
477 3341 522 3388 ists
540 3340 687 3402 mereatcr1l5
713 3348 739 3385 et
757 3336 882 3385 cultissimi
901 3336 948 3383 viri
967 3335 1061 3401 politici
1077 3338 1105 3389 io

114 3430 215 3496 Anglieo
230 3430 375 3496 parlamento
397 3448 419 3480 e.
436 3446 459 3495 g.
477 3433 569 3496 saepius
585 3431 662 3497 questi
679 3439 744 3489 sunt,
763 3430 878 3493 Hispanos
895 3426 1019 3476 humanam
1036 3428 1103 3478 illam

114 3540 215 3593 mercem
241 3534 374 3589 asportare,
397 3520 441 3571 ubi
465 3522 520 3572 solis
537 3522 621 3586 Anglis
644 3520 742 3586 liceret;
765 3518 794 3568 de
817 3520 853 3567 rei
877 3521 951 3585 ipsius
980 3522 1103 3585 injustitii

113 3631 181 3664 neno
198 3614 297 3665 locutm.
310 3642 344 3654 -
362 3614 401 3665 ct.
419 3627 512 3676 urant,
530 3614 599 3663 droit
611 3615 700 3679 pollio
719 3612 749 3660 ds
767 3609 1027 3679 tnurops,111‚pag.
1042 3615 1102 3665 187.

114 3706 248 3771 Suessam,
268 3707 341 3777 Iliso.
360 3705 391 3774 ο(
403 3709 435 3755 G.
453 3707 569 3768 Britain,
583 3702 671 3773 (Assa)
683 3703 720 3752 eb.
738 3702 788 3764 XX,
806 3720 831 3751 n.
842 3706 868 3752 Β.

114 3846 118 3853 ,
148 3795 184 3865 (1)
207 3798 263 3864 Ejus
285 3813 380 3871 quoqqe
398 3813 427 3845 ex
444 3799 536 3865 privati
553 3798 603 3845 viti
620 3794 755 3860 exemplum
771 3792 870 3860 praebet
887 3793 917 3842 L.
933 3794 964 3842 F.
985 3794 1033 3855 68,
1060 3791 1103 3842 nbi

115 3890 204 3939 sommi
222 3888 334 3937 modestii
352 3898 377 3936 et
392 3888 491 3938 lenitate
505 3891 577 3938 amico
595 3900 620 3937 m
638 3899 729 3935 nusseo
746 3884 830 3933 scribit
847 3862 976 3932 sollicitari
994 3899 1019 3931 ss
1035 3872 1111 3948 esses

117 3979 249 4045 quodcum
267 3979 335 4028 docto
353 3978 611 4046 quodomnrlstnsn
636 3977 770 4040 disceptans
797 3972 827 4021 de
847 3975 915 4038 stne,
937 3976 1012 4023 acrius
1037 3972 1103 4024 loen·

117 4080 156 4119 tus
174 4071 254 4119 luerit.
279 4070 357 4134 Petit,
381 4080 409 4119 nt
426 4073 514 4119 amicus
537 4069 660 4135 exploret,
680 4082 738 4113 num
756 4063 818 4114 alter
835 4081 905 4131 aegre
923 4067 1021 4130 tulerit,
1039 4076 1065 4116 et
1080 4066 1102 4115 si

117 4160 222 4221 lecerit‚.
234 4161 328 4233 reqiom
344 4176 387 4225 pro
404 4161 456 4225 ipso
473 4168 551 4223 roget.
