2892 5042
777 481 848 566 '120

333 694 408 779 cipit
428 710 544 774 nempe
569 684 740 753 refellenda
760 706 870 750 eorum
888 683 1055 758 sententia,
1076 682 1151 769 qui,
1179 702 1218 744 ex
1239 700 1319 768 pau-

329 814 449 891 pertate
470 799 668 888 quorundam
687 810 845 863 tractuum
864 796 988 861 tributis
1008 805 1219 869 exemtorum,
1242 814 1320 891 prp-

328 917 406 982 bare
424 924 626 989 conarentur,
650 911 716 994 ipsa
733 932 825 974 onera
841 909 929 972 utilia
946 929 1010 971 esse
1028 905 1150 970 divitiis.
1183 903 1319 968 At'lieet

329 1046 437 1090 verum
447 1028 502 1101 sit,
514 1023 597 1110 quod
611 1021 732 1098 asserit,
744 1041 808 1083 non
820 1021 891 1083 satis
906 1017 986 1082 illud
1001 1017 1233 1093 demonstravit;
1251 1035 1316 1078 noo

329 1138 494 1223 explicuit,
526 1137 584 1222 qul
606 1134 726 1199 tributa
748 1133 864 1198 damno
881 1130 1029 1196 cederent
1050 1129 1181 1216 singulis
1203 1126 1317 1191 indus-

328 1254 408 1317 triae
430 1252 538 1315 formis
563 1247 622 1337 (1)
1206 1316 1212 1335 ι

372 1363 411 1425 ln
432 1361 561 1446 reliquis
583 1359 736 1444 capitibus
758 1356 896 1422 cernitur
917 1356 1044 1441 quidem
1063 1352 1230 1418 laudabilis
1250 1348 1318 1414 sol-

272 1502 277 1505 ·
329 1472 475 1551 licitudo,
506 1473 653 1537 neultra
673 1470 901 1545 necessitatem,
933 1479 1002 1545 aut,
1033 1465 1119 1552 quod
1144 1465 1236 1550 pejus
1256 1473 1317 1538 est,

328 1586 412 1650 ultra
431 1586 527 1661 vires,
550 1583 665 1648 subditi
689 1583 730 1648 ab
749 1579 975 1666 imperantibus
1002 1587 1184 1654 onerentur,
1209 1577 1319 1640 verum

224 1754 228 1769 ,
327 1669 445 1778 ampla
460 1696 609 1779 expositio
643 1695 834 1758 desideratur
862 1692 969 1756 damni
993 1702 1025 1754 ot
1050 1688 1223 1765 commodi,
1252 1708 1317 1772 quo
1391 1670 1396 1683 ¹

329 1828 362 1868 se
383 1805 581 1870 commendet
608 1817 663 1869 aut
691 1804 797 1868 odiosa
816 1803 870 1869 liat
896 1823 1105 1888 unaquaeque
1132 1800 1320 1864 tributorum

327 1917 454 2002 speeies.
495 1918 614 1983 Harum
634 1928 696 1981 tres
716 1919 840 1981 tantdm
864 1916 1048 1980 nominatim
1072 1914 1162 1992 citat,
1186 1905 1312 1976 censum

329 2029 509 2115 capitalem,
531 2031 687 2094 tributum
706 2028 868 2093 defundis
889 2038 1089 2112 perceptum,
1103 2023 1312 2109 etreetigalia.

328 2140 450 2220 Quibus
469 2151 574 2223 postea
593 2139 678 2203 addit
699 2160 793 2203 onera
816 2139 935 2204 actibus
957 2137 1182 2223 jurisdictionis
1202 2134 1314 2200 volun-

328 2251 425 2315 tariae
444 2252 603 2335 imposita;
629 2251 746 2314 omissis
761 2249 818 2326 iis,
841 2272 922 2335 quae
942 2253 1159 2335 percipiuntur
1179 2271 1215 2312 ex
1230 2247 1317 2313 aedi-

327 2360 423 2437 ficiis,
458 2385 476 2425 e
506 2361 655 2426 reditibus
679 2364 759 2427 aeris
782 2363 877 2428 alieni
901 2362 1037 2448 publici,
1070 2373 1101 2426 et
1131 2361 1317 2425 muneribus

329 2472 509 2561 (patentes)
528 2474 587 2559 (2).
1196 2477 1207 2493 ·’
1349 2460 1355 2466 ’

371 2587 417 2650 De
426 2574 568 2674 singulis,
582 2610 663 2674 quae
674 2589 758 2667 citat,
775 2580 870 2652 unice
880 2584 1016 2673 quaerit,
1030 2586 1190 2672 quodnam
1206 2585 1312 2650 tributi

329 2721 427 2785 genus
443 2703 558 2763 minori
567 2701 683 2764 invidit
693 2703 837 2778 solvatur,
853 2721 982 2764 monens
996 2701 1082 2776 item,
1097 2721 1138 2763 ne
1149 2709 1316 2785 graventur

328 2832 421 2874 onera
441 2833 513 2873 eum
528 2812 561 2873 in
574 2811 721 2887 modum,
747 2823 781 2874 ut
801 2811 969 2875 industriae
983 2813 1100 2895 species
1111 2810 1216 2895 aliqua
1224 2830 1311 2894 pror·

326 2941 377 2982 sus
388 2910 528 2984 intereat.
554 2926 698 2984 Attamen
709 2943 755 2998 ea,
767 2942 848 3006 quae
857 2924 986 2988 Francia
996 2923 1056 2988 hoc
1067 2924 1135 3007 ipso
1147 2933 1312 3006 temporeo
1348 2985 1351 2990 ,

361 3150 403 3219 (ῑ)Ι
424 3153 458 3201 B.
478 3154 502 3201 d.
521 3155 554 3202 L.
572 3154 641 3204 Xllt.
666 3158 691 3203 2.
728 3158 770 3204 Ait
787 3169 884 3204 ursmrr
901 3170 931 3204 ur
947 3169 1038 3219 riter,
1065 3161 1153 3208 cmm.
1171 3173 1195 3205 r.
1214 3156 1252 3216 11,
1273 3169 1311 3218 pr.

268 3260 272 3266 ·
323 3244 524 3312 physiocratarum
542 3251 673 3298 sententiae
689 3248 835 3299 adversatum
851 3264 1055 3307 retrusorum!
1075 3248 1162 3315 fuisse,
1175 3250 1314 3315 qu1,quum

325 3349 400 3413 essem
416 3341 575 3404 agriculturae
593 3343 700 3390 acerrimi
716 3342 837 3407 vindices,
855 3341 941 3391 fundos
959 3341 1106 3390 tamensolos
1120 3338 1213 3389 tributo
1225 3338 1315 3403 gravari

323 3431 423 3480 vellent.
449 3434 481 3480 At
505 3433 558 3481 salli
574 3433 677 3483 ridetur.
702 3434 867 3499 Physiocratae
885 3436 948 3482 enim
968 3433 1021 3482 ideo
1041 3432 1166 3492 volebant,
1186 3432 1263 3479 omnia
1277 3431 1318 3476 tri-

323 3520 382 3570 buta
399 3522 428 3568 de
446 3523 528 3570 fundis
536 3527 604 3572 unice
617 3527 724 3590 percipi,
743 3526 800 3591 quia
817 3524 980 3591 perhiberent,
992 3524 1064 3574 solam
1080 3540 1190 3589 agrorum
1199 3521 1315 3571 culturam

323 3612 405 3661 reveri
421 3610 517 3660 divitias
532 3630 625 3678 parere.
652 3616 748 3682 Itaque,
769 3634 799 3664 ex
817 3620 920 3682 ipsorum
937 3619 1070 3683 sententiat,
1089 3615 1170 3665 eddam
1187 3614 1267 3676 redit,
1278 3615 1316 3662 cui

323 3707 397 3755 merei
414 3704 454 3753 vel
470 3703 547 3754 labori
567 3706 702 3771 imponatur
722 3723 797 3771 onus,
820 3724 910 3772 semper
931 3711 957 3756 in
975 3708 1160 3772 agriculturam,
1179 3706 1316 3757 divitiarum

323 3798 424 3864 tentem,
446 3796 555 3848 damnum
574 3798 728 3849 redundabit·
756 3800 833 3863 Quum
847 3810 926 3849 autem
943 3802 1119 3867 perceptionem
1129 3798 1277 3848 tributorum
1288 3797 1317 3847 de

324 3889 408 3939 lundis
429 3890 602 3958 sImplieissime
631 3891 686 3941 tieri
703 3901 828 3958 putarent,
855 3890 914 3940 bane
929 3893 1022 3947 unicam
1042 3889 1246 3940 commendabant.
1277 3888 1315 3939 Gi·

324 3983 516 4046 Physiocratio,
534 4001 558 4032 r.
569 3984 615 4034 111.
634 3988 722 4034 lettres
738 3981 798 4034 dun
814 3988 911 4050 citoyen
921 3983 937 4032 ἁ
947 4000 982 4032 un
990 3986 1135 4051 mopirtrat,
1151 3997 1208 4048 pag.
1220 3983 1255 4030 60
1263 3996 1316 4048 sqq.

357 4069 395 4137 (a)
414 4073 444 4125 v.
462 4076 496 4123 rr.
516 4077 541 4128 a.
561 4077 592 4127 a.
606 4077 674 4127 xru.
691 4078 775 4145 r-o,
793 4076 848 4128 0011.
865 4089 963 4125 namn
979 4090 1009 4124 rr
1026 4088 1112 4140 rrius,
1133 4073 1226 4125 enm.
1246 4090 1270 4121 v.
1283 4052 1315 4135 ir,
1343 4146 1347 4153 1

325 4177 378 4229 pag.
398 4163 430 4209 11
449 4178 484 4227 sq.
