2892 5042
840 516 880 577 tt

361 707 437 795 quid
456 707 561 772 arcani
579 706 612 769 in
634 701 764 789 singulis
784 702 861 766 aulis
880 711 1032 787 ageretur.
1086 699 1123 762 Et
1143 697 1190 761 his
1212 708 1244 760 et
1264 696 1360 783 lega-

362 820 400 884 tis
424 821 508 905 jussa
525 817 689 882 mittebant
720 813 814 879 mmo
831 814 963 878 ministri
987 811 1084 900 regii,
1108 808 1201 874 modo
1223 808 1359 873 dornina

362 954 402 997 ur
426 952 633 1005 maiascus,
667 927 786 1014 saepius
820 927 878 990 sibi
910 925 1043 990 invicem
1072 921 1234 988 contraria.
1282 922 1358 1005 Ipsa

362 1044 438 1109 adeo
475 1043 601 1127 superbi
637 1040 732 1106 animi
760 1039 940 1124 Imperatrix
973 1058 1078 1101 naara
1111 1055 1265 1098 rumesta
1301 1033 1357 1096 di·

362 1156 559 1241 plomatieam
583 1154 630 1218 illi
649 1153 842 1218 concubinae
861 1151 1021 1235 epistolam
1043 1148 1177 1214 scribere
1203 1167 1266 1210 non
1288 1145 1355 1211 de-

362 1268 496 1354 dignata.
533 1268 732 1350 Quantopere
759 1276 863 1328 autem
891 1263 972 1327 mala
998 1261 1073 1326 fides
1103 1271 1133 1324 et
1159 1259 1263 1324 salutis
1292 1278 1357 1341 po-
1421 1266 1422 1293 t

363 1380 508 1464 pulorum
535 1378 656 1442 incuria
685 1377 876 1461 praevaleret
906 1376 938 1438 in
973 1375 1051 1439 aulis
1076 1396 1112 1438 eo
1134 1384 1290 1456 tempore,
1317 1393 1355 1433 ex

266 1568 270 1575 Ι
363 1490 508 1556 omnibus
539 1490 638 1554 ferme
675 1490 852 1554 foederibus
884 1487 1004 1551 ostendi
1034 1487 1143 1572 possit;
1174 1485 1244 1549 satis
1272 1483 1354 1546 illud

363 1604 494 1688 probant
526 1604 629 1667 arcani
652 1603 699 1664 illi
727 1602 849 1665 articuli
878 1602 1050 1685 unicuique
1080 1608 1172 1684 pacto
1194 1593 1354 1680 adjuncti,

364 1712 481 1797 quippe
509 1713 564 1797 qui
587 1711 657 1773 ideo
681 1712 817 1795 ignorari
835 1711 1008 1797 deberent,
1032 1709 1105 1792 quia
1131 1730 1183 1772 eos
1205 1709 1355 1793 evulgare

365 1822 495 1908 puderet
516 1820 575 1910 (1).

408 1937 534 2033 laterna
567 1958 673 2001 rerum
707 1938 803 2024 gestio
831 1937 878 2001 bis
909 1938 1043 2002 maxima
1070 1937 1152 2001 vitiis
1173 1937 1352 2015 laborabat;

368 2053 397 2113 1.
414 2049 515 2134 quod,
549 2072 586 2113 ae
613 2050 638 2112 si
663 2070 836 2134 numquam
865 2050 1010 2113 extitisset
1039 2048 1183 2111 ordinum
1204 2059 1352 2132 potestas,

366 2160 526 2222 universae
550 2159 697 2222 Franciae
719 2161 834 2244 pariter
860 2181 896 2222 ex
921 2160 1235 2244 arbitrio‘imperaret
1257 2182 1353 2225 nuno·

367 2292 458 2335 vicus
477 2271 549 2349 XV3
575 2275 606 2335 2.
621 2270 705 2355 quod
724 2292 782 2354 per
795 2269 855 2334 hoc
877 2293 1009 2357 regnum
1029 2271 1278 2356 frequentissime
1300 2273 1353 2334 tri-

366 2383 530 2448 bunalium
557 2394 588 2446 ct
618 2384 725 2469 legum
758 2384 802 2447 vis
828 2384 1040 2447 debilitaretur
1062 2405 1119 2467 per
1144 2383 1352 2447 accusationes

368 2508 492 2560 arcanas
509 2506 539 2558 et
555 2496 657 2559 literas
676 2495 835 2581 sigillatas3
861 2501 894 2559 3.
911 2495 995 2580 quod
1005 2496 1152 2559 ecclesiae
1173 2504 1353 2558 controver-

368 2607 418 2671 siis
447 2606 625 2673 dirimendis
652 2594 757 2692 inepte
788 2605 986 2672 adhiberetur
1019 2607 1182 2671 saecularis
1210 2616 1351 2689 potestas.

262 2762 265 2769 «
367 2720 460 2802 Quod
490 2721 529 2785 ad
550 2721 695 2785 ordinum
720 2721 913 2806 generalium
933 2702 1038 2784 coettls
1064 2719 1193 2795 adtinet,
1216 2739 1352 2782 consen-

368 2830 486 2892 tiebant
514 2833 610 2913 probe
636 2853 741 2894 omnes
760 2840 919 2914 potentes,
944 2852 1039 2915 quarn
1061 2831 1199 2915 primum
1218 2828 1252 2892 hi
1270 2851 1352 2893 eon-

369 2951 569 3029 roearentur,
604 2940 756 3004 tollendos
786 2941 852 3004 fore
878 2943 1053 3027 complures
1081 2944 1207 3022 abusion
1241 2952 1288 3020 at,
1306 2942 1354 3005 uti
1421 3006 1422 3009 ,

368 3050 517 3129 vidimus,
544 3050 797 3138 philanthropicis
822 3053 862 3117 de
880 3054 977 3117 salute
995 3055 1103 3140 populi
1121 3055 1354 3138 'contemplatio-

368 3163 461 3228 nibus
480 3165 713 3230 delectabantur
732 3165 877 3250 quidem,
899 3168 1007 3229 rerdm
1029 3167 1069 3230 de
1090 3189 1198 3230 earum
1219 3165 1354 3230 efficacit

368 3300 431 3345 non
458 3279 644 3367 cogitabant.
685 3280 832 3345 Attamen
859 3280 1050 3345 sanciverant
1083 3280 1096 3365 ζ
1100 3276 1200 3365 1577)
1219 3277 1353 3341 ordines

366 3391 504 3455 Blaesiae
523 3402 553 3454 et
570 3413 622 3453 rex
643 3414 800 3456 unsarans
817 3393 878 3468 Ill,
897 3393 1014 3475 absque
1032 3391 1176 3454 ordinum
1202 3411 1352 3454 consensu

368 3501 521 3585 principes
550 3523 653 3587 neque
686 3513 770 3567 extra
801 3501 943 3566 domania
972 3523 1026 3563 sua
1053 3500 1204 3564 tributum
1227 3502 1349 3589 exigere
1381 3585 1386 3589 q

368 3632 472 3697 neque
494 3612 636 3678 domania
660 3615 725 3699 ipsa
750 3615 884 3678 alienare
912 3634 1008 3697 posse.
1055 3612 1092 3675 ln
1116 3611 1350 3677 desuetudinem

367 3747 467 3811 quum
488 3724 611 3789 abiisset
631 3725 744 3789 horum
764 3725 962 3801 convocatio,
985 3724 1143 3788 nonnullis
1171 3725 1351 3809 provinciis,

368 3850 515 3926 tanquam
549 3837 746 3924 privilegium
774 3848 927 3901 manserat
938 3837 991 3919 jus
1011 3836 1132 3900 ordines
1153 3857 1221 3898 suos
1235 3833 1352 3899 haben-

282 4092 287 4097 ·
370 4046 372 4051 ⁴
401 4076 440 4142 ll)
459 4077 496 4126 ld.
514 4078 549 4128 lb.
566 4095 621 4143 pag.
641 4083 674 4128 33
692 4092 717 4130 et
728 4083 821 4147 passim
848 4038 1076 4147 Scutossrbl,pag.
1088 4081 1139 4128 300
1153 4080 1239 4144 sq.11,
1252 4093 1276 4143 p.
1290 4080 1348 4126 200.

367 4170 400 4217 De
419 4167 589 4234 exploratorum
609 4186 654 4217 usu
672 4183 766 4235 questus
786 4161 990 4239 Monrtsourvrds,
1003 4175 1043 4247 ,¹⁵⁷⁴
1059 4173 1092 4227 d„
1103 4173 1131 4221 L.
1151 4170 1205 4220 tlt.
1219 4171 1261 4218 2³.
