2892 5042
770 542 832 604 too

308 725 361 790 sod
380 736 425 788 tot
446 716 586 809 tantique
614 715 739 786 luerunt
759 723 937 807 progressus
966 708 1200 801 disciplinarum
1227 713 1298 780 huc

308 836 533 923 pertinentium
550 857 606 921 per
626 840 669 902 30
685 834 755 897 illos
773 822 1142 920 annos(1750—1780),
1158 840 1194 892 ut
1209 849 1299 893 nou-

307 967 483 1033 numquam
493 947 547 1010 ille
557 940 659 1010 multo
678 945 821 1008 disertius
841 944 1015 1032 patefacere
1034 930 1190 1027 potnerit,
1214 940 1297 1026 quid

308 1057 436 1135 deesset,
460 1056 515 1141 qut
534 1050 764 1120 emendandruu
783 1055 875 1133 foret,
891 1046 995 1140 'quam
1012 1042 1078 1118 ida
1097 1074 1300 1128 noromens-

306 1189 365 1234 vro
383 1169 501 1232 iactum
521 1168 649 1245 luisset,
669 1189 696 1233 e.
720 1191 751 1254 g.
774 1166 814 1231 de
833 1166 955 1231 delictis
977 1176 1008 1229 et
1028 1188 1072 1230 ea*
1085 1152 1297 1251 persequendi

207 1358 211 1367 ι
308 1280 444 1357 ratione,
468 1278 509 1343 de
525 1298 701 1364 pauperum
723 1277 925 1354 educatione,
945 1268 1009 1343 etc.
1032 1275 1091 1364 (1).

247 1446 251 1455 ,
349 1392 467 1455 Notum
488 1399 550 1467 est,
567 1390 689 1476 magnis
714 1389 859 1454 laudibus
879 1387 1075 1453 cumulatum
1091 1388 1187 1451 fuisse
1205 1388 1296 1451 Auo-

306 1512 407 1566 torem
423 1501 663 1590 legislationis
672 1496 845 1577 cometiae,
870 1511 964 1585 atquo
982 1500 1048 1583 ejus
1068 1498 1197 1564 consilia
1214 1497 1296 1562 adeo

304 1612 458 1695 placuisse
481 1613 547 1699 regi
570 1634 772 1677 ranoruauno
793 1612 848 1687 IV,
871 1621 907 1674 ut
923 1609 1153 1675 constitutionis
1176 1630 1294 1673 secun·

304 1718 380 1783 dum
396 1722 463 1803 ejus
474 1723 587 1804 placita
610 1722 857 1807 eipcrimentum
874 1721 977 1785 faeere
994 1720 1178 1806 volueritliu
1199 1722 1296 1803 parri

306 1830 429 1894 civitate
456 1832 488 1925 S.
510 1832 658 1909 Leuciae,
678 1834 787 1895 veulm
807 1833 1000 1916 aproposito
1018 1832 1075 1895 illo
1098 1845 1133 1897 ,et
1155 1818 1296 1915 philoso-

304 1939 379 2027 phie
403 1941 530 2027 politici
550 1940 694 2007 universe
717 1932 881 2008 deterritus
904 1953 967 2020 est,
990 1943 1122 2007 simulac
1142 1928 1289 2006 exstiterit

302 2052 452 2118 Francica
472 2064 577 2118 rerunt
597 2057 766 2120 conversio.
799 2057 888 2118 Tunc
906 2065 970 2119 tota
989 2055 1111 2137 Europa
1130 2042 1220 2116 noris⁴
1234 2073 1295 2116 cu·
1322 2054 1324 2061 '

305 2164 345 2224 ris
359 2162 470 2245 agitari
491 2166 603 2246 coepit.
636 2164 817 2239 Videamus,
839 2187 880 2228 an
898 2164 937 2228 ad
952 2156 1295 2249 hoo'qu'oquetempus

304 2274 467 2338 referenda
488 2277 530 2337 sit
549 2276 649 2358 operis
667 2276 709 2339 de
724 2270 872 2361 Ingenio
891 2277 1018 2364 Legum
1042 2278 1188 2343 efficacia.

346 2385 414 2448 cito
440 2384 524 2469 apud
550 2386 683 2450 Francos
708 2399 879 2452 evanuerat
911 2399 995 2453 certa
1020 2390 1075 2456 illa
1101 2389 1196 2467 fides,
1225 2389 1295 2452 lore

303 2492 338 2559 ut
361 2515 433 2559 mox
458 2495 681 2580 imperantium
712 2498 808 2583 operi
834 2500 1038 2578 tollerentur,
1072 2479 1294 2587 quaecumque

301 2609 441 2675 libertati
472 2619 504 2673 et
529 2611 725 2696 prosperitati
757 2612 899 2697 gentium
928 2612 1078 2677 obessent.
1110 2615 1149 2676 Et
1169 2612 1291 2686 reveri,

301 2732 465 2805 postquam
482 2742 612 2785 runooe
629 2722 748 2785 abierat
766 2743 802 2784 ex
819 2722 949 2803 consilio
964 2724 1076 2808 Regis,
1098 2725 1295 2787 increscente

301 2834 335 2894 in
360 2832 426 2895 (lies
449 2832 515 2896 fisci
535 2832 657 2916 inopiis,
681 2832 787 2896 nullus
810 2855 962 2898 nuuovrur
982 2834 1123 2896 minister
1143 2833 1206 2898 fide
1225 2834 1293 2920 dig-

303 2964 362 3005 uus
384 2942 558 3018 videbatur,
581 2944 643 3006 nisi
657 2965 832 3019 reaumaus,
856 2946 912 3027 qui
931 2944 998 3026 ipse
1010 2954 1146 3026 urgeret,
1169 2945 1209 3007 ad
1230 2968 1293 3029 po-

301 3054 415 3137 pulum
430 3055 662 3138 provocandum
681 3079 756 3120 esse.
798 3053 891 3117 Hinc
906 3052 1048 3117 omnium
1067 3073 1166 3138 angor
1183 3053 1240 3118 ille
1261 3068 1292 3119 et

302 3167 450 3231 continua
466 3167 598 3233 mutatio
612 3188 735 3246 eorum,
757 3165 871 3249 quibus
891 3187 1023 3228 munera
1033 3163 1240 3241 deferrentur,
1250 3166 1295 3231 ab

302 3278 392 3341 initio
411 3277 485 3341 iude
505 3280 579 3343 anni
603 3280 698 3343 1787.

345 3388 461 3451 Omnes
485 3398 590 3452 autem
614 3400 691 3452 tuno
711 3385 745 3452 id
766 3385 917 3473 agebant,
947 3397 983 3450 ut
1006 3386 1118 3452 aerarii
1140 3388 1291 3473 augustiis

301 3497 536 3576 subveniretur,
562 3501 726 3564 etmolior
746 3499 939 3573 tributorum
958 3500 1036 3563 ratio
1057 3498 1091 3562 in
1104 3519 1197 3562 usum
1216 3520 1289 3564 oon·

300 3608 444 3671 terretur.
475 3605 630 3669 Doctriuis
651 3610 786 3689 politicis
804 3609 956 3694 adipeam
980 3609 1139 3696 regiminis
1160 3609 1291 3673 sormam

300 3716 509 3804 adplicaudis‚
522 3715 649 3781 demum
667 3728 736 3802 post
756 3716 839 3781 diem
862 3719 982 3781 dictum
1002 3720 1104 3785 coetui
1123 3719 1292 3791 Ordinum,

301 3831 423 3895 studere
443 3831 545 3915 coepit
563 3829 701 3915 primtiru
723 3851 829 3894 sturns
850 3826 978 3917 (scripto
997 3828 1107 3893 libello
1127 3831 1168 3895 de
1191 3829 1290 3893 tertio

139 4034 142 4041 Ι
225 4039 228 4043 7
301 3941 450 4020 Ordine,
473 3944 547 4028 Apr.
569 3940 667 4028 1789)
689 3964 782 4028 porro
802 3963 962 4022 usmetun,
988 3940 1055 4006 alii.

337 4182 372 4239 tlt
389 4181 535 4237 Frntnouar,
560 4184 674 4245 Seianae,
694 4184 713 4231 l.
732 4185 778 4232 Ill«
