2892 5042
793 504 854 567 148

321 684 430 751 doetus
459 685 589 771 quidam
622 684 808 773 (reformatis
832 684 925 749 sacris
955 679 1108 764 addictus)
1139 699 1179 741 na
1205 698 1317 742 arar·-

321 820 442 877 1rnra3
466 820 504 864 ac
529 800 573 863 ita
599 799 680 863 bene
698 797 852 862 intellexit
872 793 1017 860 Auctoris
1036 793 1074 857 N.
1094 801 1253 866 mentem,
1274 783 1317 852 ‘nt

321 909 489 975 familiares
504 919 667 993 putarem,
690 910 731 974 ab
751 908 818 993 ipso
840 905 1048 989 conscriptam
1067 903 1161 968 fuisse
1180 904 1317 969 alteram

320 1020 403 1088 hmo
424 1020 603 1097 amieriam,
627 1042 709 1107 qnae
729 1021 846 1106 absque
862 1017 997 1082 nomine
1012 1016 1180 1101 prodierat.
1258 1016 1260 1021 ’

365 1136 496 1219 Semper
507 1136 581 1198 verb
593 1134 704 1199 iisdem
715 1132 929 1200 controversiis
937 1129 1071 1197 inhaesit
1080 1140 1176 1215 atque
1184 1126 1317 1212 priores,

324 1247 364 1313 do
394 1247 553 1334 religionis
581 1247 768 1325 reverentii,
801 1245 841 1310 de
866 1246 896 1308 ri
922 1242 1054 1309 climatis
1083 1242 1118 1305 in
1147 1240 1316 1304 bominum
1380 1234 1390 1332 '-

323 1359 541 1445 praestantiam
568 1360 735 1441 moralem
760 1358 799 1425 de
822 1356 986 1425 'monacbis
1000 1364 1067 1422 ete.
1113 1352 1244 1417 Nonnisi
1265 1372 1316 1415 se-

324 1472 389 1539 rius
413 1473 521 1559 magni
547 1472 698 1538 momenti
721 1472 795 1537 illae
819 1470 1013 1557 quaestiones
1037 1467 1148 1554 agitari
1166 1466 1317 1550 saepire,

324 1584 439 1670 quibus
461 1584 567 1649 locum
588 1584 662 1650 dare
682 1583 817 1649 debebat
837 1605 924 1668 opus.
957 1584 996 1646 In
1013 1580 1078 1645 line
1093 1590 1199 1644 autern
1221 1577 1316 1662 hujus

323 1696 497 1778 scriptionis
525 1697 680 1760 cantilena
705 1695 881 1772 invenitur,
914 1715 1011 1781 quam
1036 1694 1162 1780 ignotus
1184 1689 1316 1778 qsridam

323 1826 562 1882 lorrmourvro
582 1806 722 1884 invidus,
746 1816 783 1870 ut
801 1805 938 1883 ridetur,
958 1804 1066 1869 multis
1088 1803 1231 1869 distribui
1252 1824 1317 1867 cu·
1407 1808 1412 1817 “

324 1929 459 1996 raverat,
482 1939 628 2005 quaeque
653 1940 711 2004 per
734 1917 855 2005 aliquot
883 1916 1091 1985 hebdomadas
1110 1915 1250 1982 Auctoris
1270 1916 1314 1979 tt.

323 2031 424 2097 famae
441 2031 525 2094 inter
547 2031 731 2096 Parisienses
754 2030 861 2097 nocuit
884 2028 944 2120 (1).
1000 2062 1003 2067 >
1254 2042 1258 2047 ’

367 2140 484 2205 Eodem
506 2141 632 2206 circiter
652 2154 794 2226 tempore
817 2142 899 2230 (post
917 2144 999 2211 med.
1024 2142 1126 2229 1750)
1146 2142 1230 2229 apud
1247 2163 1315 2226 pu-

323 2252 484 2317 blicanum
517 2252 676 2337 quendam
703 2253 833 2317 nomine
864 2276 977 2332 norro,
1014 2257 1181 2322 convenire
1211 2254 1316 2339 coepit

323 2364 518 2427 literatorum
540 2374 663 2442 coetus,
687 2385 826 2449 quorum
851 2364 966 2453 primas
983 2380 1084 2453 partes
1103 2369 1238 2455 agebant
1255 2366 1315 2431 'ab-

324 2478 411 2542 bates
440 2499 547 2544 rmssr
573 2488 605 2542 et
633 2500 789 2557 amoma,
820 2503 857 2545 ex
893 2482 1039 2546 societate
1064 2499 1145 2547 rma.
1188 2478 1316 2544 Praeci-

324 2612 425 2676 puum
445 2611 555 2656 eorum
579 2592 775 2677 propositum
797 2602 877 2670 erat,
907 2593 1035 2661 mendas
1063 2593 1163 2678 operis
1191 2593 1236 2657 de
1254 2590 1316 2657 In·

321 2708 422 2794 genio
441 2703 567 2793 Legum
592 2704 790 2790 investigare.
829 2705 967 2770 Confecit
986 2704 1065 2770 baec
1088 2705 1217 2769 societas
1236 2703 1317 2789 spis-

256 2830 258 2833 ’
325 2838 395 2879 sum
421 2810 493 2879 satis
518 2815 662 2880 criticum
683 2816 849 2897 scriptum,
878 2817 964 2900 quod
990 2827 1094 2882 tamen
1119 2817 1318 2899 paucissimis

324 2925 469 2992 innotuit.
519 2929 687 3011 Postquam
715 2926 800 2991 enim
828 2947 940 3003 norro,
971 2927 1062 3009 cujus
1086 2946 1202 2992 nomon
1229 2928 1318 2995 libro

324 3039 569 3131 praefigebatur,
599 3039 726 3125 triginta
747 3037 871 3104 circiter
893 3038 1080 3123 exemplaria
1106 3037 1317 3133 familiaribus

220 3199 226 3206 -
325 3152 484 3230 donasset,
518 3151 690 3238 insignium
728 3150 926 3237 quorundam
953 3149 1118 3215 bominum
1147 3152 1314 3218 auctoritas

326 3264 492 3329 intervenit
511 3261 614 3350 (sunt,
645 3264 702 3349 qui
723 3262 756 3326 id
776 3263 1041 3351 tribuantregiae
1060 3263 1254 3329 concubinae
1273 3287 1313 3330 ur

325 3372 547 3460 roarioooa);
577 3399 614 3442 ac
643 3392 824 3467 persuasum
846 3377 906 3446 tuit
924 3375 1109 3462 publicano¹
1144 3386 1179 3441 ut
1208 3380 1311 3445 omnia

359 3590 396 3661 (1)
413 3592 448 3640 Dr
464 3603 609 3655 arnonus,
632 3595 706 3642 Soita
723 3597 754 3645 de
771 3592 800 3646 tt
816 3599 867 3660 dis.
885 3598 915 3647 da
929 3595 983 3648 tn.
1003 3597 1028 3646 d.
1046 3600 1079 3648 t.
1096 3613 1128 3647 on
1145 3598 1261 3646 anmea
1281 3597 1310 3647 do

253 3692 261 3704 '
324 3683 956 3753 'rlpliquedugosetieracclinPidoarap.11.
984 3687 1021 3737 lb.
1039 3704 1092 3755 pag.
1112 3690 1178 3751 145,
1199 3697 1309 3738 memorat

325 3777 397 3829 breve
416 3778 446 3828 (le
463 3794 534 3845 opere
560 3775 680 3841 judicium
702 3778 729 3827 in
750 3776 826 3827 diario
849 3779 1028 3844 Bibliotlrdqua
1048 3779 1180 3851 raisonndo
1205 3779 1304 3844 (1750),

326 3846 454 3922 cutberto
471 3854 593 3938 respondit
615 3882 797 3927 toumomvrus
821 3872 847 3920 in
871 3873 1110 3936 Eclos'roisaamans,
1128 3885 1165 3922 n0.
1182 3872 1203 3922 1.
1229 3872 1307 3923 Versi-

326 3964 375 4012 culi
393 3964 430 4012 illi
447 3964 548 4025 insulsi,
566 3964 600 4012 sic
617 3964 751 4029 incipiunt:

360 4079 441 4127 »Arar
449 4096 507 4128 sons
516 4078 542 4128 lu
551 4077 699 4144 l'ssspritdes
706 4078 775 4129 lois?
839 4083 870 4140 Ca
882 4079 942 4131 n’est
954 4080 1027 4148 qu’un
1038 4079 1133 4146 pinible
1146 4079 1289 4143 assemblrga

359 4172 500 4233 erepenser
510 4169 649 4219 romdeeet
658 4169 775 4238 ouvrage?
812 4171 817 4211 ¹
841 4170 1270 4240 mutpabliquesetdeltowere.
