2892 5042
812 535 851 593 ts

345 727 466 816 generis
486 721 630 810 negotia,
656 717 696 783 ab
719 714 834 804 ignaris
860 709 1043 797 aliquando,
1072 703 1331 789 dijudicarentur.

346 838 526 904 Deterrebat
543 855 671 921 qnoque
685 832 711 895 is
731 825 910 894 recentioris
928 825 1054 909 linguae
1077 840 1168 894 usus,
1190 816 1335 897 universe

346 961 505 1037 receptus,
535 970 554 1011 a
582 944 723 1031 legendis
742 941 806 1005 illis
829 936 996 1023 sapientiae
1020 955 1099 1000 saec.
1120 929 1337 1016 praecedentis

346 1058 560 1129 monumentis
583 1054 642 1144 (t)

394 1174 447 1238 Sic
465 1173 582 1237 factum
610 1177 674 1244 est,
697 1174 735 1229 ut
761 1162 868 1249 magni
889 1159 1067 1245 progressus
1081 1153 1264 1240 prudentiae
1287 1155 1335 1216 ci-

350 1286 417 1350 vilis
442 1297 474 1349 et
490 1284 570 1367 juris
590 1280 750 1346 doctrinae
768 1274 906 1361 practici
926 1272 1059 1335 utilitate
1080 1266 1252 1344 caruerint;
1274 1286 1339 1329 nec

347 1397 446 1483 magis
466 1416 562 1482 quam
591 1392 688 1468 haec,
709 1389 803 1453 ullius
826 1384 1045 1472 pendebantur
1069 1382 1217 1466 antiquae
1234 1380 1337 1443 Fran-

248 1497 252 1505 *
349 1511 415 1576 siae
431 1507 557 1594 politica
570 1505 726 1581 instituta,
746 1522 827 1588 quae
845 1497 989 1574 vidimus,
1014 1505 1167 1581 quantum
1187 1512 1335 1579 aggerem

350 1643 506 1706 opponere
526 1620 700 1703 potuissent
719 1612 897 1679 arbitrariae
915 1607 1071 1694 potestatis
1084 1606 1220 1670 ausibus.
1250 1605 1337 1668 Unus
1435 1592 1436 1611 ¹

349 1733 389 1795 de
420 1729 574 1813 ejusmodi
603 1728 697 1791 rebus
732 1722 975 1788 sollicitudinem
1003 1718 1153 1804 prodebat
1186 1715 1263 1780 ordo
1282 1715 1337 1777 ille
1435 1700 1436 1703 ¹

350 1843 489 1906 lotorum
520 1849 551 1905 et
578 1839 838 1925 magistratuum,
867 1832 921 1898 cui
945 1832 1100 1896 rarissime
1127 1829 1341 1893 auscultarent

350 1954 521 2039 Principes.
565 1952 621 2016 llis
642 1947 838 2024 memoratis,
857 1954 968 2030 sponte
984 1943 1024 2008 ad
1042 1942 1080 2007 tt.
1096 1941 1135 2006 N.
1152 1939 1300 2003 redimus.

393 2066 654 2140 llorrssourrrns
674 2061 799 2145 penitus
821 2066 949 2121 noverat
969 2052 1166 2130 Francicam,
1187 2051 1252 2115 imb
1270 2051 1338 2113 Eu-
1435 2078 1436 2089 κ

351 2198 476 2261 ropeam
507 2175 611 2250 illam,
643 2170 841 2257 optimatium
875 2166 999 2232 vivendi
1027 2166 1179 2230 rationem
1202 2173 1234 2226 et
1263 2181 1338 2227 cum
1435 2244 1436 2253 ἵ

351 2308 461 2352 esrum
485 2282 751 2371 praestantissimis
778 2301 925 2365 magnam
953 2279 1035 2342 ritae
1055 2288 1178 2360 partem
1196 2274 1339 2361 degerat,
1435 2256 1436 2325 l

351 2398 459 2476 simul,
481 2407 516 2461 ut
538 2406 604 2461 crat
626 2396 840 2481 magistratus,
872 2393 903 2455 et
929 2388 1154 2475 jurisperitus,
1176 2409 1238 2452 nec
1266 2407 1336 2450 un-

352 2533 449 2599 quam
470 2531 543 2575 eum
563 2506 706 2574 taedebat
720 2504 924 2571 austeriorum
940 2482 1129 2580 studiorum,
1150 2501 1245 2565 facile
1262 2521 1342 2585 per-

352 2626 467 2709 spexit,
495 2632 574 2711 quot
604 2620 777 2707 quantique
806 2618 923 2683 abusds
945 2614 1056 2679 ¹ubivis.
1075 2615 1282 2699 irrepsissent,
1307 2624 1340 2676 et

352 2740 469 2824 qrrantb
497 2735 609 2799 melius
633 2755 682 2795 res
708 2733 775 2816 geri
803 2738 944 2813 possent,
975 2727 1000 2789 si
1025 2725 1202 2802 civitatum,
1235 2724 1338 2809 quid?

354 2848 380 2908 si
408 2846 469 2907 suis
498 2844 557 2926 ipsi
589 2841 760 2905 commodis
790 2838 1007 2923 prospicerent
1037 2839 1242 2921 imperantes,
1278 2856 1340 2898 ne-

354 2977 417 3040 que
435 2964 574 3018 mentem
595 2960 768 3017 averterent
788 2972 808 3014 a
826 2936 907 3013 veris
921 2948 1002 3032 juris
1021 2947 1142 3033 publici
1169 2936 1215 3012 et
1228 2947 1342 3032 privati

354 3067 484 3153 placitis.
524 3065 635 3150 Itaque
647 3061 1039 3148 consiliumcepitobriam
1056 3060 1340 3146 eundiaequabum

356 3180 471 3257 indoli,
490 3200 584 3264 opere
606 3177 779 3256 condendo,
794 3199 859 3263 quo
873 3175 978 3243 lma
995 3173 1033 3262 (si
1050 3175 1095 3238 fas
1112 3184 1159 3239 est
1175 3173 1218 3237 ita
1237 3170 1338 3258 loqui)
1435 3192 1436 3199 ¹

355 3294 552 3375 utilitatm,
582 3292 691 3377 legum
721 3302 752 3355 et
774 3291 988 3354 institutorum
1005 3286 1288 3372 qualiumcumque
1307 3285 1341 3347 in

351 3405 553 3489 regionibus,
578 3404 634 3467 ubi
654 3404 814 3479 adessent,
835 3423 989 3466 summam
1010 3400 1205 3464 sanctitatem
1225 3410 1259 3462 ct
1277 3398 1343 3462 effi·
1435 3400 1436 3451 l

360 3512 477 3578 caciam
498 3513 639 3591 doceret3
663 3532 757 3597 porro
784 3513 967 3596 explicaret,
1000 3512 1109 3596 quanti
1138 3512 1230 3597 pretii
1250 3511 1343 3575 aesti-
1435 3502 1436 3505 '

357 3623 510 3688 mundum
529 3621 625 3700 foret,
657 3633 692 3686 ut
716 3623 872 3702 moribus,
895 3624 995 3689 culmi
1019 3633 1050 3689 et
1074 3623 1272 3710 opinionibus
1294 3643 1345 3686 re·

357 3737 454 3825 ceptis
475 3746 683 3824 congruerent
709 3735 827 3802 sancita
845 3759 862 3802 a
878 3736 1135 3824 legumlatoribus
1153 3733 1296 3824 placita(
1319 3731 1343 3819 ).

356 3907 588 3919 ,Ἣ

392 4010 429 4078 (l)
448 4013 487 4061 Cf.
505 4014 596 4063 Gsscb.
613 4012 639 4062 d.
658 4013 859 4077 Stootsoarliadq
878 4012 946 4075 r.1,
964 4025 1019 4076 pag.
1037 4012 1081 4060 at.

391 4099 433 4168 (2)
449 4103 513 4166 Apte
530 4102 589 4151 dicit
607 4118 732 4171 narcara,
757 4107 869 4171 Aaslpss
884 4101 1017 4154 rar'aorsas's
1034 4101 1064 4152 os
1083 4098 1138 4152 r’E.
1153 4100 1178 4149 d.
1193 4101 1224 4149 L.
1238 4096 1348 4166 (Parisiis

356 4190 451 4261 tras),
469 4191 508 4243 clr.
526 4193 581 4245 art
599 4210 638 4262 pr.
659 4195 794 4253 illareuti
805 4195 829 4247 la
841 4193 954 4246 susara
972 4192 1001 4244 ds
1019 4210 1049 4243 ne
1067 4207 1108 4259 pas
1124 4192 1221 4258 adparet
1234 4187 1346 4240 l'lronur
