2892 5042
832 546 874 606 68

359 732 434 794 dum
453 727 586 804 ridetur,
610 728 695 814 quod
722 728 843 792 Auctor
862 728 971 792 Noster
990 728 1151 813 complura
1174 725 1347 812 repreben-

358 842 439 904 den't
457 843 490 905 in
513 862 623 905 rerum
642 839 820 905 conditione
851 840 965 904 saeculi
995 835 1110 923 praec,
1142 861 1225 926 quac
1249 862 1267 904 a
1296 862 1343 905 sa·

358 957 549 1039 pientissimo
570 975 696 1039 quoquc
718 953 909 1038 reprobanda
930 943 1047 1032 essent,
1066 955 1185 1018 nemini
1203 953 1343 1019 lercuda.

357 1069 539 1134 Praedicans
581 1078 687 1131 autem
724 1066 901 1130 libertatem
932 1088 987 1131 seu
1015 1068 1227 1144 securitatem,
1259 1085 1345 1152 quae

356 1182 440 1246 hisco
471 1181 597 1246 sublatis
638 1181 813 1256 exsisteret,
848 1182 1013 1266 aequitatis
1046 1180 1148 1245 studio
1179 1178 1340 1243 bominum

355 1296 473 1358 animos
497 1292 665 1358 incendere
688 1293 797 1356 enixus
826 1302 887 1368 ast,
912 1303 943 1355 et
968 1293 1049 1356 bene
1075 1295 1190 1357 mcruit
1215 1292 1255 1357 de
1275 1313 1343 1356 sac-

355 1407 425 1470 culo
449 1430 515 1471 suo.
845 1401 848 1408 ⁴

398 1520 490 1602 Quod
509 1531 544 1583 ut
568 1531 686 1586 constet
713 1541 786 1585 vere
812 1519 931 1585 dictum
953 1541 1031 1598 essc,
1058 1520 1188 1584 sufficiet
1211 1518 1246 1583 in
1269 1539 1342 1583 mc-

353 1635 484 1698 moriam
518 1635 654 1699 rcrocari
684 1634 751 1717 ejus
784 1634 897 1717 placita
929 1632 968 1698 de
1004 1632 1126 1719 legibus
1153 1632 1338 1715 poenalibus

352 1767 415 1808 non
444 1747 640 1822 necessariis,
664 1746 771 1830 itaque
793 1745 928 1809 libertati
956 1747 1065 1810 noxiis.
1097 1745 1142 1808 Eb
1163 1745 1341 1810 reseruntur
1392 1769 1394 1772 ¹

351 1857 464 1923 delicta
490 1859 608 1958 carnis,
625 1879 707 1944 quac
726 1857 839 1920 severis
860 1858 1071 1942 suppliciisin
1088 1859 1217 1923 Francia
1237 1859 1341 1924 vindi-

351 1973 520 2050 cabantur,
544 1971 620 2036 dum
643 1972 736 2035 simul
759 1972 859 2058 gentis
883 1970 1004 2035 indoles
1029 1982 1061 2035 et
1080 1971 1176 2035 aulici
1198 1993 1299 2036 mores
1320 1994 1338 2036 a

351 2084 494 2148 lubidine
515 2086 646 2148 minime
664 2083 882 2163 abborrerent3
907 2085 990 2148 unde
1007 2084 1125 2149 lactum
1144 2095 1205 2163 est,
1232 2096 1266 2148 ut
1284 2107 1338 2149 ar-

349 2185 467 2260 bitrarii
488 2195 601 2281 judicii
623 2188 758 2280 speciem
784 2218 905 2281 semper
926 2196 1077 2261 baberent
1096 2198 1149 2262 illa
1167 2198 1334 2283 supplicia,

348 2332 450 2395 quum
473 2311 539 2373 aliis
565 2310 697 2393 capitale
728 2321 806 2373 essct
823 2310 960 2388 crimen,
993 2301 1079 2396 quod
1098 2311 1166 2374 aliis
1189 2313 1241 2376 vix
1266 2313 1338 2375 vitio

348 2433 531 2487 verteretur.
563 2424 657 2486 Porro
679 2424 802 2510 magiae
821 2424 1047 2516 accusationes,
1068 2446 1150 2509 quac
1169 2446 1224 2508 per
1242 2435 1336 2488 totam

346 2538 520 2624 Europam,
547 2536 674 2624 excepta
701 2535 801 2622 patria
824 2536 945 2614 nostra,
965 2534 1068 2601 adbuc
1091 2536 1128 2600 ad
1169 2537 1335 2602 tribunalia
1432 2619 1433 2630 ἵ

346 2652 457 2717 deferri
476 2663 618 2739 poterant
641 2651 688 2739 (in
716 2649 843 2713 Francia
864 2648 922 2712 bac
939 2660 1043 2713 tamen
1062 2672 1099 2712 ex
1119 2672 1176 2713 usu
1199 2671 1333 2715 recesse-

346 2763 444 2850 rant);
476 2764 642 2847 majestatis
676 2762 813 2847 deniquo
846 2762 985 2839 crimen,
1009 2760 1094 2847 quod
1121 2761 1238 2839 verbis,
1260 2762 1329 2825 sac·
1430 2809 1431 2812 ,

343 2877 398 2949 tis,
432 2875 552 2957 scriptis
580 2861 735 2937 committi
773 2874 972 2951 censebatur,
1007 2874 1155 2960 quodque
1186 2874 1335 2939 innume-

344 2986 383 3046 ris
413 2982 590 3070 suppliciis,
614 2984 737 3047 saeculo
762 2986 897 3049 maxime
933 2990 999 3064 17⁰,
1017 2988 1050 3051 in
1073 2988 1204 3053 Francia
1228 2989 1331 3052 locum

345 3096 482 3162 dederat.
530 3095 648 3161 Deinde
676 3085 778 3161 multb
798 3100 894 3163 rarior
914 3100 1007 3163 evasit
1033 3101 1100 3184 ejus
1121 3099 1252 3177 delatio,
1276 3099 1326 3164 sed

344 3211 550 3278 atrocissimae
577 3200 696 3297 poenae
718 3223 749 3275 et
765 3234 868 3276 severa
893 3211 1084 3296 praejudicia
1110 3212 1149 3276 de
1179 3212 1241 3278 boc
1269 3216 1331 3278 cri—

344 3332 429 3393 mine
453 3330 584 3413 ejusque
603 3327 746 3392 socictate
765 3325 868 3391 adhuc
891 3349 924 3390 rn
951 3325 1026 3388 loris
1050 3325 1204 3413 vigebant.
1241 3328 1332 3390 Ean·

344 3442 415 3502 dem
446 3439 486 3503 ob
505 3428 641 3503 ⁴causam
666 3440 803 3516 monuit,
834 3462 874 3503 ne
901 3439 1066 3504 criminum
1095 3449 1204 3503 contra
1231 3439 1333 3502 Deum

344 3553 457 3633 parum
480 3539 607 3613 delinita
633 3562 710 3612 esset
740 3562 869 3626 natum,
901 3550 978 3615 adeo
1007 3562 1043 3613 ut
1069 3549 1228 3628 homines,
1255 3572 1334 3637 quos

343 3662 486 3726 libertate
514 3662 569 3724 sud
589 3658 731 3744 privandi
755 3662 862 3724 revcrb
882 3664 967 3726 nulla
990 3674 1067 3726 esset
1091 3685 1199 3741 causa,
1226 3665 1330 3729 sacri·

343 3775 417 3864 legii
436 3785 489 3841 aut
508 3770 716 3856 blasphemiae
734 3773 777 3835 rei
795 3774 940 3837 constitui
958 3786 1093 3858 possent,
1107 3775 1193 3862 quod
1206 3788 1328 3840 utrum-

343 3900 488 3976 quaerat
514 3886 672 3971 capitale(
694 3883 717 3972 ).

346 4057 587 4068 ...μ-Ἣ.

376 4147 412 4214 (1)
430 4149 500 4198 EA.
511 4147 537 4196 L.
555 4150 608 4198 ΧΠ.
627 4150 713 4198 3-10
724 4153 823 4214 'passim
852 4151 943 4213 Quantal
956 4151 1053 4201 levitate
1072 4151 1186 4218 ejusmodi
1201 4155 1326 4202 criminum
1410 4111 1414 4236 l

341 4242 375 4291 rei
393 4241 495 4290 accusari
514 4250 537 4287 et
555 4238 702 4288 condemnari
719 4244 860 4305 potuerint,
877 4244 939 4290 inter
957 4243 1037 4308 plnres
1060 4244 1141 4293 videre
1159 4257 1194 4293 cst
1213 4262 1252 4310 ap.
1268 4258 1326 4292 vot·
1411 4275 1412 4314 p
