2892 5042
320 708 385 793 ipso
400 703 613 792 quaestionem
631 696 799 786 aliquando
818 698 965 783 agitatam
985 693 1080 758 tuisse
1102 691 1143 755 de
1167 691 1308 777 agricul-

321 829 409 883 turae
429 813 631 900 praesuunt,
655 812 719 898 quo
739 811 865 897 egregie
883 808 965 873 valet
984 805 1067 872 idem
1085 804 1141 867 ille
1158 801 1249 867 locus
1270 800 1311 865 de

322 928 538 995 machinarum
553 947 612 989 usu
634 944 729 1006 supra
749 923 870 998 citatus,
893 919 948 983 ubi
969 918 1040 983 scil:
1063 936 1172 980 corum
1191 913 1311 998 opinio-

266 1108 271 1115 ,
324 1059 558 1124 nemerpresse
575 1034 790 1122 reficiendam
809 1033 868 1096 sibi
887 1032 998 1108 sumit,
1022 1029 1080 1116 qui
1102 1024 1307 1112 expetendum

323 1148 491 1226 ducerent,
504 1158 539 1213 ut
548 1150 672 1234 integra
686 1146 810 1222 civitas,
829 1144 928 1208 musis
943 1141 1071 1229 reliquis
1082 1139 1218 1217 artibus,
1228 1122 1309 1225 agria

324 1261 462 1327 colendis
485 1281 612 1345 operam
636 1268 772 1323 navaret.

367 1373 430 1457 lpsi
449 1382 554 1437 autem
579 1368 794 1455 physiocratae
817 1389 835 1430 e
855 1364 960 1430 castris
980 1364 1042 1427 suis
1066 1362 1197 1428 arcuere
1226 1382 1311 1426 uort-
1343 1362 1351 1367 ’

325 1504 539 1562 mentemst,
576 1502 674 1568 quem
702 1482 740 1544 eb
767 1477 901 1543 maxime
927 1495 1071 1561 peccasse
1093 1472 1310 1558 perhiberent,

324 1594 411 1681 quod
436 1593 612 1678 disciplinas
630 1591 772 1676 politicas
792 1610 854 1653 nou
877 1588 949 1652 satis
967 1585 1008 1651 ad
1026 1585 1178 1649 rationem
1202 1588 1314 1649 reien-

323 1708 450 1768 ts‘amr
465 1711 679 1777 aarum,
702 1722 784 1785 quae
798 1699 964 1773 dicuntur,
988 1696 1208 1762 edomaverit.
1240 1696 1313 1761 Cal·
1354 1722 1358 1728 ’

323 1813 402 1879 culis
424 1814 510 1877 enim
539 1825 572 1877 et
600 1811 913 1876 demonstrationibus
940 1810 1137 1896 geometricis
1166 1810 1312 1874 lubenter

284 1976 287 1981 .
323 1926 493 1993 utebantur
506 1922 565 2014 (1).
585 1925 666 1988 Sunt
682 1934 786 1989 tamen
801 1922 954 2010 quaedam
968 1922 1204 2009 argumentanti
1218 1943 1310 1985 num-
1366 1912 1371 1925 ⁴

325 2060 392 2104 mos
410 2036 587 2114 referenda,
610 2035 724 2121 quibus
744 2033 932 2120 explicandis
944 2033 1088 2097 Auctoris
1098 2036 1136 2099 N.
1154 2034 1315 2098 ratiocinia

325 2152 389 2215 sive
418 2147 602 2223 emendare,
632 2147 699 2211 sive
718 2146 909 2231 amplificare
941 2146 1045 2211 conati
1072 2147 1143 2212 sint.
1187 2147 1315 2231 Quippe
1361 2228 1364 2235 ⁴

287 2252 290 2255 ¹
324 2263 395 2328 loco
415 2257 665 2344 supralaudato,
685 2257 741 2321 ubi
760 2256 975 2327 adversaretur
992 2278 1125 2323 nuorrr
1142 2258 1314 2324 sententiae

325 2373 365 2438 de
394 2390 596 2435 nummorum
622 2369 727 2433 valore
759 2379 876 2434 temere
906 2371 1072 2450 mutando,
1120 2372 1231 2436 eodem
1259 2372 1317 2435 illo

327 2481 453 2574 (princ.)
464 2494 608 2568 posuerat
620 2481 790 2547 obsoletam
804 2481 896 2547 bodie
912 2484 1108 2562 senteutiam,
1129 2505 1226 2569 quam
1238 2495 1318 2549 tuuc

321 2600 389 2683 jam
401 2595 607 2684 ,profligdrant
629 2594 700 2660 Itali
720 2595 896 2681 scriptores.

369 2710 494 2776 Etenim
511 2709 556 2775 sic
573 2708 684 2795 incipit
704 2718 812 2792 caput:
835 2709 1007 2773 »Nummus
1023 2721 1070 2772 est
1084 2729 1232 2774 mensura
1243 2730 1315 2774 om-

326 2823 415 2885 nium
428 2820 600 2896 valorum,’'
611 2831 643 2882 et
649 2821 753 2905 pergit
762 2821 823 2884 alia
836 2818 1053 2895 indeducens,
1075 2820 1178 2886 donec
1195 2821 1314 2886 desinat

325 2929 502 2993 statuendo:
526 2931 707 3003 »Summam
733 2948 952 3007 nummorum,
975 2933 1030 3017 qui
1048 2932 1081 2996 in
1105 2932 1234 3019 singulis
1252 2955 1309 2997 re-

327 3039 472 3129 gionibus
490 3037 607 3115 adsint,
624 3038 703 3102 tanti
720 3039 841 3119 valere,
864 3044 972 3128 quanti
995 3065 1151 3110 summam
1173 3045 1308 3110 omnium

326 3153 482 3221 mercium
506 3152 685 3232 mobilium3
712 3163 743 3217 et
764 3166 885 3238 partem
910 3155 1082 3241 aliquotam
1104 3157 1200 3243 hujus
1219 3180 1310 3223 sum*

328 3289 398 3335 mae
419 3267 630 3355 aequipollere
649 3268 732 3352 parti
754 3267 910 3353 aliquotae
929 3277 1163 3335 nummorum.’'

371 3380 492 3444 Rerum
516 3378 609 3463 pretii
639 3378 820 3443 varietatem
847 3378 937 3443 ducit
962 3402 980 3444 e
1002 3379 1121 3445 diversd
1141 3384 1315 3467 quantitate

327 3490 477 3574 pecuniae
505 3500 536 3551 et
564 3490 757 3576 reliquarum
789 3490 942 3555 mercium
972 3491 1007 3556 in
1035 3492 1143 3579 qudris
1170 3496 1312 3581 regione3

327 3598 454 3686 quaesi
475 3610 689 3682 computetur,
709 3603 863 3666 rationem
883 3603 976 3670 etiam
994 3603 1104 3669 haberi
1127 3605 1221 3689 jubet
1247 3606 1312 3688 ejus

327 3710 480 3800 pecuniae
499 3719 695 3788 numeratae,
707 3733 789 3797 quae
808 3711 862 3777 hlc
876 3713 943 3778 illie
960 3715 1001 3781 ab
1019 3714 1197 3809 homiuibus
1216 3718 1312 3784 avaris

326 3997 412 4058 busa,
431 4012 487 4061 pag.
498 3997 546 4061 ⁴⁰3
563 4013 587 4045 r.
598 3997 640 4058 Ν,
659 3997 762 4062 rdponu
775 3996 793 4045 d
808 3997 847 4047 Μ.
861 3997 891 4057 X,
907 4013 953 4047 ων
964 3996 1075 4065 t'argorat
1087 4007 1112 4047 at
1129 4001 1153 4048 to
1166 4013 1310 4057 comeo,

325 4102 380 4154 pag.
398 4090 450 4137 18²
511 4123 518 4138 .

362 4173 401 4243 (l)
416 4105 660 4242 adducamus,
677 4197 703 4229 r.
720 4181 766 4245 111,
784 4197 829 4232 avr
843 4179 955 4247 t’orr'ps'ns
974 4180 1047 4232 d‘roro
1058 4200 1095 4235 aa.
1109 4199 1195 4246 noua,
1212 4197 1266 4247 pag.
1279 4184 1303 4229 7.
