2892 5042
793 490 856 553 110

328 795 419 859 tionis
451 793 621 858 terminum
648 791 706 855 sibi
734 801 878 876 posuerat
897 806 1158 864 uonmsourrrus,
1184 780 1318 847 modum

330 906 500 992 explicare,
524 924 588 992 quo
612 903 758 970 coaluere
778 902 831 967 illa
851 902 963 966 indea
989 920 1118 966 cruore
1140 916 1260 976 catv03
1284 903 1319 959 at

290 1062 294 1069 -
329 1017 449 1103 pridem
471 1039 534 1083 uua
561 1015 704 1082 solvenda
736 1026 801 1080 erat
825 1014 980 1101 quaestio,
1003 1012 1132 1087 scilieet,
1157 1006 1317 1096 quomodo

330 1152 437 1196 omnes
463 1133 527 1196 lere
554 1130 587 1195 in
606 1129 734 1195 Franeid
757 1126 863 1207 fundi,
888 1128 933 1191 illi
952 1129 1044 1192 etiam
1062 1126 1117 1211 qui
1142 1140 1317 1207 numquam

328 1245 368 1311 ad
387 1245 567 1311 domanium
585 1243 821 1329 pertinuissent,
841 1242 874 1307 in
895 1238 987 1305 feuda
1007 1251 1037 1304 et
1060 1235 1212 1304 subiende
1235 1256 1317 1300 con*

329 1357 409 1423 versi
430 1358 500 1423 sint.
530 1356 582 1422 Sic
604 1355 684 1420 illud
707 1352 839 1440 explicat
861 1348 940 1418 thesi

372 1465 441 1538 VF.
474 1468 709 1561 Magistratus
728 1470 822 1558 regii
841 1464 985 1531 domines
1001 1465 1121 1530 liberos
1146 1470 1316 1527 terrorum

322 1585 588 1671 prouincialium
605 1600 820 1670 possessores
850 1580 971 1643 seusam
998 1577 1081 1642 adeo
1099 1574 1316 1666 depressere,
1430 1572 1431 1623 ἶ

329 1701 368 1755 ut
392 1693 538 1755 lubenter
555 1692 692 1779 plenum
705 1688 894 1777 fiendorum
919 1688 1096 1754 domimum
1118 1690 1316 1763 omiserunt,

330 1824 385 1867 eos
401 1802 537 1892 regibus
558 1804 717 1866 donantes
737 1810 773 1866 ut
779 1801 977 1887 feudatarii
993 1803 1170 1868 euaderent
1187 1808 1220 1865 et
1239 1800 1316 1864 leu-

330 1915 421 1981 dium
440 1915 590 2003 beneficio
612 1914 812 2004 gauderent.
844 1914 1008 1979 Conversio
1031 1937 1067 1979 ea
1088 1898 1261 1978 alodiomm
1280 1911 1316 1975 iu

329 2030 423 2095 leuda
440 2041 580 2115 tempore
594 2048 714 2093 cenom
738 2046 899 2092 ureretur
927 2029 1069 2093 obtinere
1081 2013 1317 2112 debuit‚'quum

331 2141 398 2224 ejus
417 2142 484 2203 aeri
499 2141 672 2225 formulae
693 2139 754 2202 sint
778 2137 1044 2225 Maroulfionue,
1069 2141 1184 2227 quibus
1204 2139 1317 2204 modus

330 2252 398 2315 talis
417 2251 588 2315 donationis
606 2250 837 2335 praescribitur.
872 2254 1024 2317 Fatorum
1044 2265 1150 2318 autem
1180 2252 1235 2339 qui
1264 2270 1316 2315 ex-

330 2362 496 2448 petendam
523 2361 600 2426 adeo
623 2362 789 2426 redderent
821 2366 925 2430 vasalli
949 2366 1176 2444 conditionem,
1196 2365 1315 2450 praeei-

331 2475 386 2560 pui
405 2485 507 2555 erant3
533 2474 625 2562 longe
640 2476 742 2559 majus
758 2475 961 2562 weregildum
976 2477 1061 2561 posci
1077 2499 1134 2563 pro
1153 2477 1316 2542 interfecto

330 2609 385 2666 eo,
409 2590 465 2676 qui
480 2591 512 2653 iu
532 2599 628 2653 truste
647 2589 742 2676 Regis
755 2601 819 2654 erat
833 2588 912 2677 (600
925 2586 1124 2675 solidorum),
1148 2609 1243 2675 quam
1259 2611 1316 2675 pro

330 2702 491 2766 erimanno
511 2725 566 2765 sou
587 2713 688 2765 terrae
706 2701 817 2765 salicae
829 2721 1000 2785 possessore
1024 2701 1104 2790 (200
1116 2698 1201 2788 sol.);
1223 2722 1315 2787 porro

329 2812 416 2875 bunc
436 2813 568 2899 graviter
585 2812 705 2895 puniri,
728 2810 994 2898 quandocumque
1011 2836 1030 2879 a
1048 2813 1165 2879 Gemite
1181 2813 1220 2878 ad
1234 2814 1316 2878 mol-

330 2926 400 2989 lum
424 2921 601 3013 (judicium)
625 2925 674 2988 vel
701 2924 914 2989 heribannum
946 2924 1114 3014 (militiam)
1137 2927 1314 3003 arcessitus,

329 3035 415 3100 domi
437 3047 595 3116 maneret3
619 3034 710 3099 illum
730 3048 836 3102 contra
854 3038 1063 3123 jurisdictioni
1081 3040 1115 3103 in
1139 3062 1195 3105 suo
1214 3050 1316 3105 tractu

330 3172 470 3237 praeesse
491 3160 521 3215 et
540 3150 595 3214 soll
609 3150 689 3237 Regi
706 3149 848 3217 militiam
865 3150 979 3215 debere
1000 3163 1058 3218 etc.
1069 3153 1198 3217 Factum
1217 3151 1315 3218 hoece

329 3282 604 3342 anonmsomvro
631 3275 793 3350 repertum
820 3264 882 3329 dici
907 3274 1023 3350 potest,
1047 3264 1197 3350 quoniam
1223 3270 1315 3330 autea

328 3374 425 3462 vulgo
461 3378 653 3460 temporibus
683 3389 752 3460 post
779 3392 932 3442 cononum
966 3398 1094 3443 osuven
1126 3378 1315 3442 tribueretur

245 3547 249 3553 .
327 3485 458 3548 mutatio
487 3498 674 3564 memorata,
699 3487 788 3570 cujus
811 3506 934 3552 causam
964 3506 1028 3553 esse
1047 3489 1210 3555 crederent
1228 3484 1315 3554 desta

328 3596 450 3662 derium
471 3596 641 3662 securitatis
661 3599 834 3679 bonorum,
858 3620 954 3688 quam
976 3622 1160 3687 possessores
1186 3603 1220 3668 in
1240 3580 1315 3669 rin*

326 3711 399 3777 culo
417 3704 532 3776 feudali
552 3708 786 3798 quaesivissent.
819 3716 859 3779 Aa
882 3734 899 3780 e
919 3716 1034 3784 saeculi
1053 3714 1085 3784 9⁸
1103 3716 1315 3781 monumentis
1332 3739 1338 3781 ῑ

328 3825 547 3892 demonstravit
565 3828 675 3892 Noster
696 3827 746 3906 A,
771 3828 830 3892 sub
862 3827 1060 3920 Coroliugr's
1080 3831 1143 3895 istis
1175 3830 1314 3926 non-agi

1430 248 1431 301 l

1430 342 1431 415 l

295 658 300 669 ¹
329 682 466 748 instituta
485 679 662 765 sejunctae
685 676 768 742 cirili
786 689 816 744 et
837 675 962 741 militari
987 664 1160 761 regimine3'
1173 671 1318 756 dimota·

329 4021 490 4099 desiderantur
505 4055 531 4100 in
547 4054 577 4100 iis
591 4069 651 4119 quse
668 4053 730 4102 dixit
749 4054 838 4104 Auctor
855 4053 885 4104 de
901 4053 946 4104 lroc
956 4064 1045 4105 estete
1064 4066 1189 4127 lenum
1204 4064 1268 4122 tout,
1288 4068 1312 4103 r.
1347 4054 1351 4058 ⁴

328 4138 391 4206 opud
405 4140 436 4190 el.
453 4154 594 4201 oreretur,
613 4158 667 4206 pag.
687 4144 737 4191 187
754 4158 805 4208 sqq.
1045 4224 1046 4227 Ἴ

1318 4600 1325 4607 ’
1423 4554 1431 4966 l
