2892 5042
609 550 650 611 93

130 745 241 808 opere,
257 744 384 788 necnon
394 724 428 786 in
443 722 589 788 historico
599 727 751 788 rirnnrr'ro
763 725 816 809 qui
831 747 959 790 nonina
972 726 1121 812 scriptum

126 834 316 897 concinnius
328 831 469 897 reddidit.
493 835 592 898 Nemo
609 844 715 899 autern
736 855 964 912 uonrnsoruvrr
985 838 1121 902 studium

128 956 240 1029 aperte
252 945 329 1009 adeo
337 944 468 1029 prodere
482 945 560 1009 mihi
571 945 704 1021 ridetur,
717 964 766 1011 'ac
778 969 907 1011 minin
917 948 950 1010 in
967 948 1121 1012 celebrati

125 1057 227 1139 ipsius
237 1057 385 1121 historia
393 1037 568 1143 utriusque
582 1056 718 1134 Indiae,
743 1057 798 1120 ubi
819 1056 990 1121 identidem
1007 1059 1121 1143 placita

123 1168 197 1231 sive
214 1189 250 1230 ex
272 1167 602 1235 Considerotionibus
621 1169 685 1231 sive
706 1190 743 1231 ex
763 1168 907 1256 Ingenio
923 1170 1049 1256 Legum
1066 1192 1121 1254 pe·

126 1278 188 1341 rita
212 1277 279 1341 lose
300 1277 449 1362 explieat,
474 1289 505 1341 et
528 1300 619 1361 saepe
638 1277 770 1342 ostendit
782 1302 824 1344 ,se
844 1280 917 1343 libri
936 1281 983 1343 sui
1002 1279 1123 1364 praeci-

126 1408 230 1471 puam
250 1399 369 1471 partem
388 1387 506 1465 ducere
526 1389 659 1452 morales
678 1399 709 1451 et
724 1389 866 1472 pohtieas
883 1390 1123 1465 observationes,

125 1499 248 1582 quibus
271 1498 404 1560 intexuit
422 1498 574 1560 sactorum
593 1500 813 1562 narrationem.
848 1499 1051 1562 Similiadere
1073 1499 1124 1562 di-

126 1606 233 1672 cenda
253 1607 294 1670 de
313 1606 424 1674 Cursu
434 1608 599 1672 historiae
615 1610 775 1694 antiquae
793 1605 969 1691 philosophi
989 1630 1029 1672 on
1043 1630 1122 1674 oon-

125 1741 257 1784 ornrno.
298 1717 440 1783 Celebres
467 1740 559 1802 porro
583 1719 675 1782 multi
694 1721 858 1803 scriptores
882 1717 1042 1784 historiam
1059 1722 1121 1785 Ro-

125 1851 257 1895 manem
279 1830 451 1894 traotdrunt
470 1841 502 1894 et
519 1832 741 1908 universalem,
766 1852 802 1894 ex
824 1831 938 1916 quibus
962 1853 1121 1897 recensere

125 1943 264 2008 sufficiat
284 1942 412 2006 nomina
433 1964 620 2018 rnneosonr,
645 1963 803 2018 nonnoni,
827 1941 1048 2027 minor1(qui
1070 1954 1121 2006 ta-

126 2077 205 2118 men
221 2055 319 2140 longe*
336 2054 439 2117 minus
455 2075 553 2139 quam
568 2054 699 2139 reliqui,
722 2052 954 2138 philosophicae
978 2051 1122 2115 historiae

125 2162 286 2248 studuit),
310 2164 451 2228 nostratis
473 2164 626 2251 denique,
651 2187 746 2251 quem
767 2187 864 2231 arum
878 2185 1026 2241 veneror,
1045 2187 1123 2228 sru-

126 2297 220 2352 anrr,
238 2275 293 2360 qni
309 2267 485 2360 saepissime
502 2298 734 2354 uonrnsooivn
751 2277 841 2341 effata
861 2275 975 2354 citarit,
992 2275 1122 2361 symboli

127 2389 200 2453 loco
221 2388 373 2471 capitibus
390 2388 574 2475 praefigens.
605 2390 656 2453 Sic
676 2391 828 2465 universe,
844 2390 1037 2474 quicumque
1057 2387 1122 2450 fere

129 2498 261 2563 historia
285 2498 447 2563 scribendi
471 2500 646 2563 excelludre
666 2522 721 2585 per
745 2500 906 2563 saeculum
927 2502 1020 2576 18111¹³‚
1043 2517 1123 2582 pro-
1149 2579 1152 2588 Ι

125 2609 213 2672 dunt
243 2606 437 2691 philosophia
466 2609 520 2671 ills
541 2609 682 2692 practici
701 2631 766 2672 sese
786 2609 923 2672 imbutos
942 2610 991 2670 vel
1014 2608 1130 2670 saltem*
1165 2636 1168 2643 Α

131 2719 262 2796 tinctos,
293 2720 346 2784 cni
373 2721 509 2804 primam
527 2718 612 2783 dedit
644 2720 812 2802 impulsam
832 2718 994 2784 laudatum
1018 2718 1119 2782 Nostri

127 2831 328 2915 opusculum.

175 2944 221 3006 Ne
242 2951 347 3006 autem
367 2949 452 3004 tanta
474 2942 585 3006 merita
606 2943 790 3007 commentis
806 2963 922 3028 augere
943 2940 1038 3018 dicar,
1064 2962 1120 3005 ca-

127 3052 265 3117 vendum
285 3074 325 3116 ne
344 3052 408 3114 rim
427 3051 493 3134 ejus
515 3053 648 3137 exempli
668 3027 791 3138 longius
818 3051 999 3128 extendam,
1023 3072 1119 3136 quam

128 3186 187 3249 par
207 3173 274 3227 ests
290 3163 433 3226 Exeunte
451 3162 574 3224 saeculo
593 3183 695 3244 praec.
706 3173 745 3225 >et
766 3162 897 3244 hujusce
916 3161 1023 3243 initio,
1046 3162 1119 3225 edm

126 3277 161 3338 in
183 3272 313 3357 antiqui
340 3272 408 3334 trini
429 3271 463 3332 in
492 3272 658 3334 recentiori
680 3270 807 3333 historii
827 3270 987 3334 tractanda
1005 3289 1119 3333 norum

128 3386 233 3450 extitit
244 3383 432 3467 scriptorum
452 3401 568 3466 genus,
592 3380 678 3465 quod
698 3378 791 3443 hodie
811 3379 952 3442 omnium
969 3379 1035 3442 fere
1054 3381 1117 3443 susa

125 3499 235 3585 fragiis
254 3496 458 3582 praestantius
486 3492 669 3578 judicatur,
694 3493 770 3557 licet
795 3490 909 3557 saeculi
931 3495 981 3558 18³
1002 3493 1119 3557 meritis

128 3621 236 3697 gratus
252 3630 316 3672 non
333 3606 413 3671 desit
429 3605 563 3672 animus.
596 3607 667 3669 Post
683 3604 865 3670 Francieam
886 3605 1118 3673 conversionem

129 3724 250 3799 multa,
276 3742 357 3806 qnae
377 3730 466 3784 antea
486 3720 608 3803 quoties
629 3720 873 3794 observarentur,
894 3718 1052 3801 praeclare
1069 3739 1119 3781 ex-

130 3836 266 3921 cogitata
286 3842 481 3917 apparerent,
495 3830 536 3896 ad
546 3832 631 3895 locos
648 3851 829 3896 communes
846 3827 952 3891 relata.
975 3826 1119 3889 Timuere

62 3946 63 3951 ’
132 3946 227 4008 etiam
259 3945 433 4027 complures
464 3964 504 4005 ne
533 3942 690 4026 frequenti
710 3940 850 4003 theoriae
875 3957 944 4012 usu,
967 3936 1117 4002 sactorum

131 4055 266 4143 cognitio
305 4057 339 4117 in
380 4053 515 4116 deterius
548 4053 655 4115 abiret.
699 4052 787 4113 Tunc
820 4048 895 4112 item
931 4070 1117 4115 ammaon,

133 4175 322 4243 aurisonis,
347 4186 546 4231 scarrionou
567 4163 698 4249 protulit
718 4163 900 4240 Germania,
924 4182 1118 4229 sisuororou
