2892 5042
841 464 881 523 46

363 650 506 713 Alterum
538 644 695 730 regiminis
723 622 868 707 Franciae
901 644 1012 706 vitium
1039 644 1132 706 fuisse
1161 643 1223 708 dixi
1250 645 1354 709 literas

363 758 517 846 siginus.
573 754 762 821 iamdudum
792 764 1016 820 consueverant
1043 776 1131 839 reges
1155 755 1295 820 Francici
1314 758 1354 819 si-

364 871 438 958 gillo
461 868 597 957 quodam
614 869 733 953 privato
750 867 853 933 literas
872 868 1051 955 obsignare,
1067 868 1181 952 quibus
1192 869 1278 952 jussa
1300 881 1354 935 aut

362 1005 474 1050 arcana
498 992 553 1047 aut
581 981 620 1045 ad
645 981 779 1066 privatos
803 980 972 1066 spectantia
998 979 1250 1057 continerentur,
1272 1003 1354 1067 quae

362 1095 457 1182 igitur
478 1092 669 1179 parlamenta
688 1091 857 1157 inscribere
868 1114 932 1155 non
945 1091 1105 1157 deberent.
1130 1092 1238 1172 Quum
1247 1104 1353 1156 autem

362 1206 535 1291 saepissime
560 1205 633 1288 jura
653 1204 768 1271 civium
788 1205 977 1268 violarentur
994 1226 1051 1288 per
1069 1204 1144 1267 tales
1159 1204 1273 1281 literas,
1299 1226 1353 1288 op-

363 1320 432 1382 timi
451 1340 538 1404 reges
554 1317 701 1381 Francius
721 1337 898 1380 senoricus
917 1316 995 1391 XII,
1021 1314 1136 1402 (edicto
1156 1316 1231 1381 anni
1255 1315 1353 1401 1499)

363 1442 394 1494 et
410 1452 566 1495 nameus
585 1429 629 1496 lv
653 1427 715 1516 (ed.
741 1425 839 1512 1609)
863 1429 989 1491 vetuere
1012 1449 1053 1491 ne
1074 1428 1238 1512 quisquam
1256 1426 1352 1492 literis

360 1544 453 1631 regiis
472 1543 712 1628 obsequeretur,
736 1562 817 1626 quae
837 1541 1020 1623 parlamenti
1032 1540 1190 1624 judicium
1214 1541 1352 1608 infirma

362 1666 440 1719 rent.
496 1655 642 1717 Attamen
681 1652 740 1715 sub
779 1673 941 1717 uunovrco
971 1652 1044 1719 xlv
1070 1664 1255 1718 restauratus
1285 1676 1351 1719 mos

363 1764 511 1830 evocsndi
524 1787 592 1830 reos
609 1786 628 1829 a
642 1763 859 1840 tribunalibus,
876 1764 1063 1838 liberandis
1080 1766 1191 1849 poena,
1206 1768 1350 1831 commit·

364 1876 450 1942 tendi
465 1876 624 1961 judicibus
645 1877 794 1963 delegatis
814 1899 871 1961 per
888 1877 1005 1943 clausas
1020 1878 1133 1943 literas.
1173 1878 1282 1963 Neque
1299 1878 1351 1943 bic

362 1991 444 2055 solus
468 2012 576 2055 earum
591 1990 720 2067 abusus3
737 1989 858 2073 saepius
873 1990 906 2052 in
922 1987 1003 2054 hanc
1021 1989 1145 2054 illamve
1159 1991 1351 2072 provinciam

361 2101 597 2187 relegabuntur,
621 2099 655 2163 in
673 2100 814 2164 exsilium
830 2121 1024 2165 carceremre
1039 2101 1242 2167 mittebantur
1259 2124 1351 2189 quos·

362 2232 498 2296 cumque
509 2210 588 2296 Regi
605 2212 751 2294 placeret.
782 2212 850 2275 Imo
866 2233 1040 2277 senoricus
1050 2215 1107 2280 XV
1123 2214 1281 2292 mirsistris,
1292 2238 1349 2300 gu

360 2323 577 2388 bornatoribus
605 2323 852 2405 provinciarum,
888 2324 1030 2388 omnihus
1058 2325 1123 2389 lere
1152 2326 1260 2392 aulicis
1287 2350 1350 2393 noo

362 2435 467 2501 timuit
496 2436 648 2519 ejusmodi
677 2447 860 2522 potestatem
887 2437 921 2500 in
941 2436 1081 2503 subditos
1101 2438 1258 2504 mandare.
1304 2440 1351 2503 Ita

362 2560 474 2614 notum
495 2560 540 2613 est
556 2549 676 2615 Ducem
699 2572 739 2615 ns
757 2571 928 2615 mensuro
945 2550 1064 2634 saepius
1082 2548 1138 2617 hos
1155 2553 1213 2614 rel·
1227 2551 1295 2615 illos
1316 2552 1350 2615 in

362 2663 504 2728 exsilium
532 2675 585 2730 eut
613 2663 770 2730 Bostiliam
788 2663 924 2737 misisse,
955 2665 1010 2747 qui
1035 2662 1092 2726 sibi
1111 2663 1277 2748 quominus
1300 2664 1349 2727 lu·

361 2774 461 2857 bidini
488 2775 671 2858 vulgivagae
689 2776 760 2837 satis
780 2775 895 2863 laceret
916 2773 1085 2852 obstarent;
1109 2775 1152 2840 ita
1174 2797 1350 2841 usonrcrus

361 2905 442 2948 ssxo
461 2881 574 2971 (1749)
597 2884 678 2969 Regi
698 2883 819 2968 scripsit
837 2906 905 2947 sea
928 2884 1076 2949 comoeda
1095 2887 1230 2971 quddam
1251 2888 1351 2971 impe·

362 3005 443 3059 trare
460 3017 524 3059 non
543 3017 650 3080 posse,
670 3007 706 3060 ut
728 2997 761 3059 in
783 2997 945 3063 castellum
964 3019 1056 3061 suum
1070 2996 1272 3086 (Chambord)
1293 3021 1350 3063 re-

361 3106 439 3187 niat;
458 3107 565 3173 literae
584 3107 734 3194 sigillatae
750 3108 839 3173 <latae
859 3120 890 3172 et
905 3109 1010 3194 puella
1024 3108 1107 3173 viad
1123 3112 1349 3178 marescalcum

359 3217 463 3287 ducta.
510 3220 683 3313 Gravesde
702 3220 798 3285 literis
817 3222 881 3285 istis
899 3222 1040 3307 querelas
1059 3222 1155 3286 morit
1169 3224 1243 3288 anni
1260 3227 1349 3291 1770

361 3334 452 3398 Curia
477 3334 685 3397 subsidiorum
716 3334 909 3408 Parisiensis,
928 3334 1013 3418 quod
1035 3334 1151 3399 seilicet
1169 3337 1350 3419 potentibus

360 3444 544 3527 impunitas,
568 3442 696 3506 subditis
719 3442 814 3507 durae
838 3464 971 3525 poenae,
999 3444 1120 3528 quoties
1137 3447 1225 3512 aulae
1242 3449 1349 3533 displi-

361 3564 483 3630 cerent,
519 3554 724 3639 obtingerent.
785 3557 885 3618 Anno
904 3556 970 3639 jam
1002 3559 1088 3622 1753
1119 3562 1347 3644 parlamentum

360 3666 498 3752 ejusdem
529 3665 614 3731 urbis
645 3678 790 3752 questum
821 3678 885 3732 erat
904 3667 943 3731 de
960 3670 1085 3736 blericis
1103 3673 1242 3735 muneris
1260 3696 1348 3740 exer-

360 3781 433 3847 citio
458 3780 644 3857 interdictis,
685 3781 724 3844 de
761 3782 933 3846 carceribus
962 3784 1061 3869 plenis
1091 3786 1276 3865 insontium,
1307 3789 1348 3851 de

366 3944 589 3961 -⁸——-——-s

359 4041 484 4104 queritur,
501 4057 560 4106 quos
576 4040 662 4105 volgus
680 4041 707 4090 ed
724 4043 799 4106 magis
816 4041 870 4091 odio
887 4053 1102 4108 prosequerentur,
1120 4024 1289 4108 quo‘putmnt
1305 4048 1346 4111 ip·

359 4147 396 4178 sos
415 4133 560 4197 prlrstorom
577 4132 716 4198 commodis,
734 4152 780 4183 non
797 4137 858 4199 reip.
876 4138 998 4185 inservire.
