2892 5042
595 496 627 553 11

168 680 216 742 3⁰.
239 676 304 739 Nec
323 674 452 738 suadere
474 674 573 738 voluit
592 695 860 754 rotomorum,
884 691 920 742 ut
941 680 1106 765 Anglicam

123 786 373 852 constitutionem
392 807 479 852 suam
498 787 637 852 facerent
656 787 782 868 Franci3
808 788 893 873 quod
911 789 985 855 alios
1004 790 1108 875 perhi-

119 901 230 964 nentes
239 896 380 963 vidimus.
411 898 512 963 Probe
521 912 663 979 noverat,
685 923 720 966 ea
737 901 877 967 instituta
896 901 1109 989 libertati‘po-

119 1010 226 1075 liticae
259 1009 408 1086 brenna,
443 1030 526 1095 quac
556 1032 761 1096 summopere.
785 1011 995 1079 admirabatur
1022 1014 1108 1098 apud

118 1122 256 1208 Anglos,
280 1144 317 1187 ex
340 1122 469 1207 antiquat
501 1121 629 1187 historia
649 1133 680 1186 et
700 1123 819 1189 crebris
839 1126 997 1191 rariorum
1026 1125 1109 1191 ordi-

119 1255 199 1298 num
215 1235 466 1323 contentioribus
485 1244 590 1298 ortum
609 1234 749 1315 duxisse3
774 1238 838 1321 qub
859 1238 996 1302 multdm
1017 1238 1107 1304 etiam

120 1333 413 1411 contulissc'sassus
441 1357 486 1411 est
511 1346 644 1433 Angliae
673 1349 767 1411 situm
782 1359 825 1411 -ct
849 1370 959 1436 opera,
995 1350 1110 1434 quibus

119 1458 244 1543 incolae
267 1458 385 1522 victum
404 1456 463 1519 sibi
487 1466 652 1542 quaerunt.
696 1458 837 1524 Plantam
866 1460 954 1523 illam
976 1460 1111 1523 extranei

120 1570 181 1633 soli
202 1570 247 1634 ita
272 1568 426 1655 integram
439 1569 480 1633 ,in
501 1589 735 1655 quemcumque
756 1570 944 1634 continentis
968 1572 1111 1656 Europae

120 1693 258 1746 tractum
281 1681 459 1758 transferre,
475 1678 645 1745 absurdum
661 1681 802 1765 prolecto
814 1683 908 1763 loret3
927 1702 987 1748 n'ec
1005 1695 1110 1749 tamen

119 1780 251 1859 ulla'est
271 1792 366 1869 ratio,
390 1812 484 1877 quam
506 1792 589 1858 ciere
606 1793 723 1877 possint
745 1794 787 1877 ii,
812 1795 866 1880 qui
890 1794 923 1858 id
944 1796 1111 1860 consilium

119 1925 358 1983 nomasourvro
386 1903 542 1981 tribuant,
576 1904 637 1968 nisi
664 1905 749 1989 quod
775 1906 915 1990 impense
940 1905 1111 1971 laudaverit

120 2017 287 2104 Anglicam
311 2014 572 2079 constitutionem.
690 2076 694 2088 ,

165 2126 262 2208 Quod
280 2124 409 2211 quidem
429 2124 541 2189 infitias
550 2125 597 2188 ire
615 2146 755 2212 nequeo,
769 2138 801 2192 at
818 2126 1110 2196 nihilorninussem-

120 2260 179 2324 per
193 2235 332 2304 adhaesit
350 2239 468 2302 Auctor
488 2238 526 2302 N.
552 2237 704 2322 opinioni,
736 2239 798 2325 qui
818 2240 941 2324 penitus
967 2241 1109 2305 imbutus

11 2384 13 2389 ·
120 2351 216 2415 fuine
233 2349 371 2429 videtum
394 2348 624 2414 venerationem
636 2351 743 2415 deberi
763 2351 919 2435 majorum
939 2354 1060 2417 statutis
1079 2363 1111 2416 et

122 2464 242 2529 traditis
260 2463 399 2527 moribus
417 2463 452 2525 in
477 2461 666 2547 uniquique
688 2463 832 2549 regione:
867 2466 937 2549 Ipse
958 2466 1029 2529 eatis
1052 2486 1110 2528 er-

121 2575 239 2658 plicat,
262 2564 420 2657 quomodo
438 2572 572 2656 intelligi
592 2569 667 2634 velit
689 2573 781 2636 effata
800 2593 854 2635 sua
873 2573 913 2636 de
932 2574 1110 2657 Anglornm

124 2685 249 2772 legibus
266 2682 415 2769 publicis3
440 2703 536 2768 quem
554 2682 677 2758 locum,
701 2692 737 2744 ut
757 2682 871 2746 summi
884 2682 1037 2746 momenti
1048 2693 1112 2758 est,

84 2794 85 2797 ’
124 2796 168 2860 ita
198 2795 272 2881 ipsis
290 2794 436 2873 Auctoris
459 2792 559 2859 verbis
585 2792 621 2855 in
642 2804 829 2859 contextum¹
851 2793 950 2878 recipi
977 2803 1111 2881 oportet:

126 2907 183 2972 »Je
203 2930 244 2972 ne
264 2906 423 2992 prttends,
438 2906 527 2991 point
554 2928 611 2991 par
632 2905 663 2969 la
687 2906 806 2971 ravaler
831 2907 876 2970 les
900 2915 1002 2978 autres
1027 2926 1112 2991 gou-

127 3039 345 3097 »vernemens,
369 3020 403 3081 ni
416 3017 483 3081 dire
499 3038 563 3101 que
572 3028 654 3081 cette
671 3017 783 3080 libertt
803 3017 957 3102 politique
975 3018 1113 3082 extrdme

127 3123 239 3193 »doive
258 3129 408 3193 mortificr
431 3148 526 3204 ceux,
556 3128 612 3210 qui
637 3135 713 3191 n’en
733 3137 788 3191 ont
813 3135 933 3211 qu’uue
951 3127 1111 3192 moleste.

128 3239 311 3305 »Commeat
332 3237 425 3302 dirais
440 3237 475 3319 je
495 3235 579 3312 cela,
610 3236 695 3313 moi,
722 3238 778 3321 qui
806 3224 885 3300 crois
913 3259 975 3323 que
999 3238 1112 3303 l’excds

129 3352 254 3415 »meme
279 3351 319 3414 dc
347 3350 378 3414 la
407 3348 508 3411 raison
532 3351 612 3410 n’est
637 3368 693 3430 pas
724 3346 864 3430 touJ'ours
889 3346 1058 3426 desirable,
1081 3359 1113 3414 ot

41 3488 44 3497 ¹
129 3480 213 3549 »que
226 3463 270 3527 les
282 3461 423 3527 hommes
434 3458 696 3525 s’accommodent
706 3480 840 3545 presque
853 3459 992 3544 toujouru
1009 3461 1114 3529 mieur

91 3594 93 3597 ·
130 3572 204 3638 »des
229 3574 374 3650 milieux,
399 3594 462 3659 que
482 3572 535 3635 des
559 3572 780 3637 caremban
802 3607 847 3622 ·-
880 3573 1001 3655 Quibus
1017 3574 1112 3658 paulo
1149 3602 1152 3607 ’

128 3697 198 3772 post
221 3687 402 3773 subjungit,
424 3676 636 3749 monarchicas
653 3685 810 3771 regiones,
834 3684 889 3749 ubi
909 3706 973 3748 non
990 3695 1113 3755 tantum
1163 3695 1166 3701 '

128 3801 277 3865 libertatis
296 3801 474 3885 relinquant
493 3799 578 3884 leges
596 3796 756 3881 politicae,
775 3795 977 3859 nihilominus
991 3792 1112 3859 felicem

129 3922 292 3999 tutamque
314 3913 409 3976 vitam
431 3909 550 3975 civibus
568 3919 723 3993 praestare
743 3928 833 3991 posse
853 3901 911 3992 (1).

167 4147 206 4216 (1)
222 4152 256 4199 n.
276 4150 302 4201 a.
316 4150 348 4198 r.
367 4147 408 4195 rr.
427 4148 461 4211 o,
480 4156 551 4209 are,
570 4146 638 4210 τρι.
690 4108 698 4190 .'
