2892 5042
792 520 833 581 76

319 710 412 774 Porro
430 705 542 792 niquis,
567 699 815 788 reprehendendi
835 698 1008 790 proposito,
1031 693 1166 780 Angliao
1182 695 1297 757 conab-

318 819 470 884 tutionem
484 817 639 903 exploret,
658 813 874 901 indignatione
884 819 1089 896 prosequatur
1108 828 1236 872 neeesse
1257 814 1304 869 est

318 932 471 996 ambitum
500 939 643 1015 apertum
665 937 696 991 et
717 935 876 990 sexoentas
894 921 1020 987 fraudes
1044 921 1078 984 in
1096 918 1227 1004 singulis
1249 924 1309 983 eoi

320 1043 414 1107 mitiis
444 1041 568 1120 obvias3
597 1040 753 1105 ineurnm
773 1037 849 1102 boni
869 1035 990 1120 publici
1013 1045 1045 1097 et
1065 1033 1222 1098 bonorum
1241 1039 1303 1096 ‘on-

320 1155 540 1231 mulationem,
575 1151 690 1239 quibes
726 1173 833 1216 ansam
859 1150 913 1214 dat
945 1147 1082 1213 conditio
1121 1147 1301 1233 procerum,

319 1267 397 1334 dum
419 1267 561 1332 omnium
580 1266 661 1344 tere,
680 1264 737 1350 qui
755 1263 888 1350 politicis
912 1262 1006 1326 rebus
1024 1282 1090 1325 sese
1109 1260 1302 1332 inmiserint,

320 1402 478 1446 summum
494 1380 686 1465 propositum
708 1376 860 1455 videatur,
878 1398 995 1441 munus
1010 1373 1149 1440 nancisei
1170 1383 1202 1435 et
1227 1371 1301 1456 reip.

321 1506 427 1559 sumtu
444 1495 556 1559 vivere.
600 1494 671 1575 Qub
701 1502 791 1557 certe
815 1502 879 1555 non
900 1488 1067 1554 minimum
1087 1486 1209 1551 confert
1227 1484 1304 1551 ratio

321 1605 511 1672 succedendi
533 1606 566 1670 iu
583 1605 759 1690 praecipuis
779 1602 899 1680 fundis,
917 1613 953 1665 ut
969 1601 1105 1665 maximo
1126 1608 1205 1664 natu
1223 1596 1306 1662 filio-

322 1739 392 1780 rum
414 1718 518 1780 omnia
545 1716 674 1792 cedant,
697 1716 815 1801 quippe
838 1714 901 1799 qud
925 1711 1052 1778 divitiae
1069 1712 1304 1798 oonglomeren-

321 1836 387 1904 tur,
406 1827 500 1891 multi
520 1827 606 1890 lauto
624 1827 712 1911 prius
734 1826 834 1891 victui
851 1825 963 1891 asueri
987 1846 1138 1911 pauperes
1159 1824 1303 1900 evadant,

321 1949 353 2002 et
371 1939 508 2005 famelici
536 1939 611 2005 fiseo
624 1938 763 2006 inhient.
796 1937 858 2004 dlii
872 1949 1059 2024 queruntur
1079 1936 1120 2001 de
1145 1936 1304 2013 onenbus,

322 2052 437 2138 quibus
461 2052 604 2117 obruitur
624 2052 803 2118 Britanniae
819 2051 965 2137 populus,
989 2050 1029 2115 de
1049 2048 1217 2136 Anglioani
1232 2050 1304 2114 cleri

322 2163 488 2240 reditibus,
516 2164 619 2249 deque
642 2165 795 2228 sumtibus
816 2167 920 2250 regiae
941 2164 1048 2240 aulae,
1071 2161 1306 2228 monambiennr

322 2277 467 2362 regimen
483 2275 582 2340 nimio
604 2288 746 2340 constare
764 2277 951 2342 affirmantes
971 2275 983 2365 (
1005 2275 1028 2360 ).

276 2369 279 2373 ’
366 2389 452 2452 Haec
471 2390 497 2453 si
516 2386 610 2453 bodie
628 2389 733 2467 etiam,
755 2391 828 2455 edm
849 2389 890 2454 ab
904 2390 1031 2476 Anglis,
1055 2390 1123 2453 tdm
1138 2391 1179 2454 ab
1197 2391 1306 2455 exteris

322 2502 521 2587 proferantur
536 2499 588 2591 (de
608 2502 760 2568 Hibernid
779 2499 929 2588 taeeam),
953 2505 1072 2588 quantb
1093 2503 1193 2590 magis
1212 2503 1307 2567 liber-

321 2615 392 2679 tatis
415 2615 553 2681 studium
582 2616 792 2683 desideratum
819 2616 915 2680 fuisse
947 2615 1127 2701 putabimus
1147 2626 1220 2679 ante
1244 2637 1309 2680 sae«

323 2729 449 2806 culum,
473 2750 573 2815 quum
590 2729 715 2794 duriora
740 2730 839 2794 multa
859 2728 936 2815 legis
953 2728 1092 2815 vigorem
1124 2728 1305 2792 obtinerent.

322 2840 471 2921 Exemplo
487 2839 548 2901 sint
566 2862 686 2924 poenae
702 2850 835 2904 statutae
848 2841 883 2903 in
895 2840 1025 2905 erimina
1036 2839 1182 2907 adversus
1198 2841 1307 2916 Deum,

321 2949 370 3010 uti
388 2946 584 3013 dicebantur.
617 2950 662 3013 Eo
675 2950 709 3013 in
726 2972 840 3037 genere
857 2953 1009 3036 apostasia
1034 2952 1135 3036 (cujus
1156 2975 1227 3016 reus
1244 2962 1307 3016 erat

323 3060 465 3148 quisquis
498 3060 680 3148 religionem
701 3061 906 3130 Christianam
926 3066 1041 3150 scripto
1062 3066 1114 3131 vel
1136 3067 1237 3134 verbis
1259 3065 1306 3129 of-

322 3171 500 3260 fendisset),
524 3175 600 3241 item
627 3175 773 3242 adhaesio
799 3190 901 3244 sectae
922 3178 1017 3244 alicui
1041 3180 1225 3244 Trinitatem
1256 3200 1309 3242 ne·

323 3291 424 3376 ganti,
446 3291 549 3376 prima
575 3291 643 3357 viee
664 3293 854 3378 puniebatur
881 3293 918 3358 ed
947 3293 1055 3378 capitis
1080 3294 1309 3369 deminutione,

328 3507 556 3518 .----..-.....

324 3657 361 3708 vel
379 3666 500 3725 parentes3
524 3676 602 3727 neque
625 3663 681 3725 jure
705 3663 926 3727 repraesentationis
944 3678 975 3711 er
994 3664 1047 3726 rjus
1065 3664 1163 3728 pereant
1187 3662 1218 3711 ad
1238 3662 1311 3712 allam

323 3753 488 3804 mcoeuionear
499 3752 608 3819 adnisam
628 3772 650 3804 v.
667 3766 827 3817 nimian,
847 3756 939 3804 Com
954 3756 994 3805 lv.
1011 3757 1107 3806 ²9.'-
1124 3755 1228 3821 Mutat,
1246 3756 1312 3804 hur.

325 3836 387 3896 tos.
405 3848 451 3896 ιιι.
470 3848 510 3897 rs.

283 3921 285 3924 V
357 3942 396 4006 (1)
412 3939 446 3988 lte
462 3940 627 4008 mtp'wetihm
643 3939 675 3987 rt.
691 3951 862 4002 attererent,
883 3941 973 3988 Coum.
997 3940 1028 3988 11.
1044 3940 1088 4003 123
1107 3938 1137 3988 de
1154 3939 1245 3989 inierit
1255 3954 1313 4005 pro·

322 4046 403 4079 cerum
427 4045 548 4095 sutura,
568 4032 689 4097 Enqtarrd
709 4033 762 4079 aad
778 4031 819 4078 tlte
835 4032 965 4095 Emptislr,
977 4057 980 4064 ⁴
994 4031 1021 4081 b.
1039 4032 1061 4079 Ι.
1084 4029 1128 4078 Cb.
1143 4032 1155 4078 1
1171 4041 1197 4080 et
1214 4031 1311 4096 passim,

323 4122 352 4170 de
366 4120 481 4169 sumtibus
499 4137 603 4171 rrsrurr
620 4138 651 4172 ar
666 4137 759 4184 riter,
777 4125 866 4171 Coum.
885 4139 907 4171 v.
921 4124 942 4186 Ι,
959 4138 1013 4189 pag.
1026 4124 1078 4172 200
1088 4139 1141 4190 sqq.
1158 4134 1184 4173 et
1200 4122 1311 4191 pleraque

287 4269 289 4271 ,
323 4213 398 4264 diaria
417 4212 534 4263 mensibus
553 4215 615 4278 llajo
632 4216 742 4263 attonio
761 4215 842 4280 18³8,
865 4216 958 4280 paulun
1310 4200 1315 4207 ¹
