2892 5042
549 528 609 593 113Ι

87 728 348 792 hosrmoorvrou
375 717 529 804 originem
554 718 732 783 certaminis
754 717 932 804 singularis,
958 731 988 783 et
1013 741 1070 783 or·
1142 773 1148 785 .

87 827 241 892 daliorum
257 842 313 912 per
338 838 453 914 aquam
470 840 501 893 et
522 828 630 916 ignem
650 851 713 894 non
735 850 756 894 e
777 831 841 894 sole
860 830 1074 916 superstitione

87 940 238 1025 explicare
257 940 347 1026 (quia
368 942 450 1005 Deus
476 943 664 1006 intervenire
687 941 878 1026 crederetur)
904 944 959 1008 scd
980 967 1000 1008 e
1018 968 1071 1032 go·

86 1053 179 1117 nuind
215 1055 358 1141 gentium
387 1055 644 1121 Germanicarum
676 1057 790 1121 indole.
847 1057 954 1138 Quum
989 1057 1072 1123 enim

87 1186 215 1231 ascires
242 1165 325 1254 (cap.
349 1163 403 1253 12)
429 1167 538 1246 tradat,
565 1169 649 1253 apud
677 1167 769 1233 hosce
789 1168 883 1233 morio
908 1169 1019 1247 luisse,
1038 1176 1076 1233 ut

86 1277 235 1363 supplicio
264 1269 389 1363 capitali
419 1280 544 1343 nonnisi
563 1280 741 1366 transfugae
761 1291 792 1346 ot
812 1279 983 1348 effeminati
1009 1280 1073 1347 im-

85 1388 218 1454 bellosve
243 1390 471 1468 adficerentur,
495 1393 620 1478 egregie
645 1393 729 1456 idem
746 1393 936 1476 principium
957 1395 1075 1460 invenit

85 1500 176 1564 fuisse
205 1501 474 1585 jurisprudentiae
494 1502 590 1566 medii
610 1503 687 1567 aevi.
732 1505 874 1588 Namque
894 1505 1020 1582 Franci,
1054 1507 1079 1569 si

85 1633 159 1675 eum
188 1612 296 1677 audias
318 1611 386 1701 (l),
419 1615 516 1692 ferro,
550 1614 640 1700 igne,
672 1616 754 1701 aquai
786 1626 904 1679 tentare
933 1617 1076 1693 voluere,

85 1730 191 1792 utrum
222 1728 358 1812 alicujus
391 1728 528 1793 criminis
561 1750 630 1791 reus
662 1727 781 1792 validus
813 1740 893 1792 esset
926 1730 1075 1808 bellator,

84 1863 177 1926 quem
199 1841 355 1926 supplicio
385 1841 467 1906 affici
494 1841 608 1905 damno
636 1834 761 1905 cederet
791 1841 1002 1926 popularibus,
1036 1864 1077 1905 an

85 1977 155 2018 vero
175 1955 319 2042 ignarus,
340 1955 460 2018 nullius
481 1953 701 2029 aestimandus,
722 1952 832 2027 homo,
856 1953 947 2035 cujus
969 1954 1077 2016 maniis

39 2134 42 2141 ,
86 2068 163 2131 callo
185 2077 344 2143 carentes,
374 2088 433 2129 nec
455 2076 581 2129 strenue
600 2087 758 2152 pugnare,
786 2086 846 2127 nec
866 2064 983 2127 ferrum
1005 2087 1078 2128 can-

12 2256 20 2267 ,
86 2179 175 2257 dens,
200 2200 366 2264 aquamre
397 2177 582 2241 bullientem
613 2187 805 2241 contrectare
834 2188 969 2259 possent.
1014 2179 1078 2241 Nec

73 2276 203 2370 minus,
241 2312 323 2375 quae
354 2289 657 2368 animadvertantur,
692 2290 787 2376 digna
813 2300 902 2367 sunt,
935 2311 1016 2375 quae
1038 2291 1077 2354 de

86 2406 301 2468 Romanorum
312 2425 367 2466 seu
379 2401 616 2488 provincialium
637 2402 879 2487 municipiorum
902 2403 1078 2467 conditione

87 2515 144 2579 sub
165 2514 293 2579 Francis
319 2514 428 2590 refert,
460 2514 535 2577 hinc
565 2508 827 2578 consuetudinum
858 2514 1006 2579 localium
1025 2518 1080 2580 Ju-

88 2625 331 2709 risprudentiam
360 2634 512 2707 repetens.
558 2626 627 2687 Uno
657 2626 780 2686 tantum
809 2624 905 2709 gradu
936 2624 1081 2691 eborata

88 2737 260 2814 sententiis,
295 2757 389 2822 quam
423 2735 625 2799 recentissimi
651 2735 799 2800 Franciae
827 2733 965 2801 historici
987 2738 1082 2824 expli·

12 2900 14 2905 ,
89 2851 198 2927 coire,
234 2849 370 2926 seilicet,
401 2849 638 2913 communitates
659 2847 754 2912 medii
791 2849 856 2914 aevi
888 2871 964 2915 non·
986 2851 1081 2918 fuisse

89 2963 146 3026 nisi
166 2962 276 3026 eadem
293 2961 475 3047 municipia,
496 2964 620 3049 Regum
641 2963 810 3048 patrocinio
831 2974 998 3029 restaurata
1020 2964 1079 3055 (2)

88 3074 169 3140 Huic
192 3097 319 3161 quoque
335 3075 534 3159 disputationi
557 3068 686 3157 dejure
708 3075 791 3139 civili
809 3073 904 3138 finem
923 3077 1079 3161 imposuit,-

68 3185 218 3272 'perinde
238 3208 275 3250 ac
296 3187 376 3249 libro
400 3186 520 3260 XXXI,
545 3205 645 3269 quum
665 3183 706 3248 ad
728 3207 797 3248 eam
815 3187 1081 3271 pervenerit‘epo·

12 3296 13 3309 ¹
89 3292 198 3375 cham,
224 3297 279 3360 ubi
301 3296 490 3360 difficultatis
503 3282 626 3380 'parum
649 3305 784 3360 restaret.

133 3411 178 3473 Ex
199 3408 248 3485 iis,
270 3429 351 3494 quae
368 3407 429 3473 hoe
444 3430 510 3493 cap.
528 3407 601 3485 diri,
624 3406 716 3471 facile
733 3394 890 3490 judicium
905 3408 979 3472 ferri
992 3394 1084 3496 posrd

89 3523 225 3587 arbitror
244 3521 284 3585 de
301 3543 533 3598 uosresourvn
552 3519 699 3631 methodo
719 3519 863 3585 historiae
883 3524 956 3587 edm
975 3524 1080 3609 phile

91 3665 311 3675 w...-

91 3757 214 3821 opiniones
229 3756 286 3803 item
305 3771 328 3802 v.
344 3755 370 3803 in
385 3753 447 3802 libro
467 3754 602 3804 elementari
627 3755 717 3822 aliquot
746 3757 814 3804 amris
831 3767 884 3820 post
903 3760 985 3820 lepram
1004 3760 1097 3822 Iupo·'

92 3852 161 3897 nium
177 3850 325 3913 conscripto,
347 3846 440 3896 seilicet
457 3861 581 3914 histem,
600 3849 630 3896 de
643 3850 707 3914 jure
727 3845 861 3912 feudorum
878 3848 984 3912 Imperii
999 3850 1031 3896 n.
1049 3846 1081 3898 6.

93 3941 199 4005 (lipsiae
220 3937 298 4004 1763)
316 3956 367 4004 rap.
379 3940 401 3986 1.
418 3937 521 4001 §3-7.
543 3931 550 3943 ‘

127 4030 165 4099 (l)
183 4032 217 4078 E.
232 4031 256 4078 d.
271 4031 298 4078 t.
311 4029 418 4078 xxvrtr.
439 4030 480 4076 17.

127 4125 163 4189 (2)
182 4123 215 4171 Ε.
235 4123 260 4173 d.
280 4123 310 4171 L.
322 4120 433 4168 xxvlu.
452 4121 495 4168 12.
513 4118 551 4166 Cf.
571 4129 699 4179 ruituris,
717 4118 804 4167 dtitdes
823 4120 987 4186 historiques,
1007 4122 1082 4191 (Parit

86 4214 181 4281 '183⁴l).
201 4215 306 4273 Gor-mr,
326 4214 385 4260 hist.
400 4210 429 4258 de
449 4213 473 4258 lo
490 4211 647 4259 cirilisotioa
665 4221 709 4259 ete.
733 4213 807 4275 Lepon
825 4214 854 4262 V.

930 4306 951 4367 b
