2892 5042
362 833 380 914 §
404 832 434 891 4.
472 823 524 891 De
546 840 775 898 nonmoorvrr
798 816 1023 905 Anglopir'lid
1038 812 1104 904 (1),
1127 817 1263 903 qusque

751 951 873 996 eoum.

363 1138 490 1205 llioime
518 1136 663 1201 omnibus
689 1131 827 1199 numeris
858 1130 1030 1197 absolutam
1053 1126 1201 1193 duoereru
1223 1128 1308 1210 juris

321 1252 441 1339 publici
470 1249 728 1336 llontesquiviuui
757 1246 1000 1331 expositionem,
1029 1242 1087 1307 nisi
1112 1241 1262 1327 peculiari
1288 1247 1312 1329 §

321 1364 540 1443 adteudm,
569 1385 651 1450 quae
674 1364 710 1427 A.
730 1363 769 1426 N.
789 1359 866 1424 dixit
887 1358 928 1422 de
947 1357 1057 1443 populi
1072 1356 1198 1442 Anglioi
1215 1355 1311 1419 insti-

318 1479 404 1546 tuu's.
447 1476 684 1564 inquirendum
716 1474 902 1560 igiturest,
941 1470 1056 1557 quibus
1080 1470 1180 1535 causis
1204 1479 1311 1533 motus

319 1835 365 1869 m
380 1822 408 1869 lo
423 1820 587 1869 comtum
604 1819 636 1867 ds
653 1815 803 1883 tesokoope
824 1833 855 1866 eo
871 1817 996 1878 eeoidrnt,
1015 1817 1128 1882 possim
1144 1817 1182 1865 les
1199 1814 1310 1863 taum

318 1910 408 1963 sitem
427 1911 459 1976 de
477 1908 537 1961 l'ire
551 1912 661 1978 peierasse
678 1909 754 1977 (Paris
772 1907 851 1980 lssa'll)
869 1908 898 1958 de
915 1925 963 1975 que
981 1908 1015 1959 el.
1026 1907 1310 1967 tarnatensem,

319 1982 414 2053 Fiviier
434 2005 509 2053 1838.
536 2003 636 2053 Videtur
654 2014 744 2065 autern,
766 2003 796 2052 ad
812 2000 925 2050 tuendum
937 2003 987 2070 jus
1004 2000 1110 2048 homines
1129 2000 1155 2047 in
1174 2000 1312 2047 servitutem¹

324 2093 462 2158 redigendi,
479 2092 541 2141 nihil
556 2093 643 2142 adferri
663 2095 781 2159 potuisse,
806 2094 851 2141 nisi
873 2093 1000 2140 auctoritas
1015 2090 1122 2138 ictorum
1142 2067 1311 2149 Romanorum,

324 2201 386 2253 quae
408 2197 462 2232 stne
489 2183 533 2231 hac
551 2185 577 2232 in
598 2187 724 2249 reperiam
742 2183 825 2233 efficit.
855 2182 927 2231 Porro
945 2183 973 2231 eir
988 2182 1066 2231 tendit
1083 2183 1210 2247 scripturn,
1228 2191 1255 2228 ut
1272 2179 1312 2228 de·

324 2284 448 2340 monstret,
464 2276 575 2341 antiques
594 2274 715 2339 gentesad
728 2275 869 2324 industriam
885 2287 911 2324 et
927 2275 1002 2324 cultos
1016 2291 1090 2323 mores
1104 2290 1150 2323 nou
1160 2283 1313 2340 perventuras

318 2369 406 2429 loisee,
422 2365 549 2415 sed'rudee
566 2384 659 2417 manere
671 2366 782 2416 debuine
799 2377 825 2417 et
842 2369 934 2433 ineptos
950 2366 1026 2418 labori
1043 2366 1157 2431 serendo,
1175 2368 1223 2415 nisi
1232 2380 1312 2415 servos

319 2458 467 2509 habuissent·
488 2460 522 2508 At
539 2458 624 2508 validis
640 2462 786 2521 argumentis
803 2459 861 2509 baec
877 2461 994 2510 sententia
1010 2458 1102 2509 adstrui
1120 2461 1219 2526 nequit,
1238 2475 1308 2525 qunm

320 2549 412 2599 nullius
423 2553 509 2599 veteris
528 2550 610 2617 populi
629 2563 779 2600 monumenta
797 2539 898 2617 exstent,
917 2553 957 2618 qni
968 2552 1042 2599 servis
1054 2551 1166 2599 caruerit,
1191 2548 1308 2614 Ejusmodi

320 2642 400 2710 siquid
414 2653 530 2704 exstaret,
548 2643 672 2707 dijudicari
691 2644 786 2694 demum
802 2654 889 2710 posset,
917 2653 972 2692 utra
989 2644 1050 2692 ratio
1067 2642 1222 2709 praeferenda
1237 2643 1268 2689 sit
1283 2640 1311 2689 ad

321 2737 383 2785 eires
408 2737 510 2785 nationis
534 2735 676 2786 dominantis
697 2736 819 2803 physicas,
845 2735 946 2785 morales
963 2723 987 2783 el
1005 2734 1141 2783 intellectis
1165 2732 1310 2783 excolendas.

320 2827 398 2875 Servis
415 2826 500 2875 melius
516 2824 603 2890 subse,
620 2829 641 2874 si
657 2826 730 2874 liberi
747 2829 893 2887 meruissent,
913 2843 981 2876 nemo
999 2836 1049 2891 est,
1072 2824 1238 2893 quidubltet.
1269 2826 1312 2873 lo·

320 2933 374 2974 eum
393 2927 574 2979 norinorum,
593 2917 628 2964 E.
648 2918 673 2964 d,
691 2918 722 2965 L.
740 2916 789 2964 XV.
809 2920 826 2963 5
848 2929 896 2982 etp,
911 2915 942 2966 'de
959 2920 1084 2983 Nigrorum
1101 2920 1226 2982 servitute,
1242 2933 1309 2983 supra

265 3051 282 3076 ο
316 3008 367 3072 Jam
389 3004 494 3057 laudavi.
519 3007 593 3068 Quam
611 3005 670 3055 male
692 3009 714 3055 is
732 3007 870 3057 intellectus
888 3011 943 3059 sita
959 3010 1118 3076 quibusdam,
1136 3009 1241 3059 ostendit
1258 3019 1310 3058 nota

320 3093 417 3146 editoris
441 3095 590 3164 Neapolitani
613 3098 716 3166 (recepta
738 3101 808 3149 etiam
834 3102 859 3149 in
883 3101 923 3151 e'd.
940 3102 1045 3150 italicam
1063 3102 1197 3151 Florentiae
1217 3099 1307 3165 1822),

320 3191 363 3257 qni
380 3189 454 3243 adea
472 3189 558 3239 verbs:
579 3189 619 3240 »ll
637 3202 672 3240 est
689 3192 824 3258 impossible
835 3192 907 3258 qu'tls
924 3196 1000 3242 soient
1015 3193 1056 3242 des
1067 3193 1180 3259 hommes,
1199 3196 1307 3259 pirisque,

319 3286 341 3332 si
358 3300 417 3333 nous
439 3284 474 3333 les
494 3286 634 3350 supposions
657 3284 698 3334 des
720 3284 838 3351 hommes,
866 3304 897 3335 ou
924 3287 1105 3336 commeneeralt
1122 3290 1137 3336 i
1154 3289 1247 3350 croire,
1264 3265 1310 3352 que

320 3392 379 3423 nous
397 3394 427 3425 ne
445 3393 543 3425 summes
560 3394 619 3425 nous
636 3378 722 3426 mimes
739 3395 781 3443 pas
798 3376 946 3443 cbre'tiens;”
973 3377 1017 3426 ubi
1041 3380 1117 3430 ironia
1141 3388 1238 3445 captum
1263 3383 1313 3442 epus

320 3468 455 3527 excederet,
468 3467 650 3516 animadvertit:
680 3469 745 3531 »Qui
772 3469 789 3516 il
806 3482 979 3526 nontssootvlo
997 3470 1019 3518 la
1039 3472 1085 3520 tiro
1103 3480 1202 3537 troppo,
1221 3468 1313 3537 quando

321 3570 381 3619 nega
400 3552 422 3601 i’
437 3557 509 3619 liegii
526 3556 575 3603 lino
593 3556 616 3604 la
632 3566 705 3605 stesso
723 3558 858 3624 umarriti,'’
875 3570 921 3610 ete.

354 3644 396 3713 (ll
417 3645 498 3694 Solent
515 3647 598 3695 Franci
615 3663 685 3711 eum,
704 3650 747 3712 qni
764 3650 873 3699 omnibns
890 3668 965 3718 seque
983 3653 1114 3720 Anglornrn
1131 3631 1310 3703 eorlsnetndini-

319 3738 365 3789 bus
382 3738 495 3790 adhaeret
517 3748 543 3788 et
563 3737 718 3788 admiratione
748 3757 829 3790 eorum
851 3752 916 3806 gesta
941 3748 1108 3811 prosequitur,
1134 3746 1313 3811 Anplmtaniee

319 3846 431 3896 arguere,
462 3848 505 3882 nee
534 3829 638 3899 desunt,
665 3833 707 3898 qui
736 3831 766 3881 de
798 3847 980 3893 sonatsonrtro
1007 3836 1086 3885 eldera
1115 3838 1159 3886 isti
1190 3853 1247 3886 soce
1278 3838 1314 3884 usi

319 3925 375 3973 siut.
399 3926 506 3976 Mustiae
521 3934 600 3974 autem
619 3924 749 3990 appellatio
766 3943 841 3992 quum
865 3944 948 3993 param
963 3940 1079 3993 congruat
1094 3930 1206 3979 Auctoris
1225 3930 1254 3978 ll.
1273 3930 1312 3975 iu-

320 4013 369 4063 toti
388 4031 415 4063 ae
434 4016 472 4064 vel
490 4019 614 4066 minimrim
629 4016 685 4067 hnic
697 4018 851 4084 Anglicorum
868 4023 1033 4070 institutorum
1054 4020 1152 4086 studio,
1167 4018 1257 4087 quibus
1272 4033 1314 4085 per
1361 4013 1366 4020 ’

319 4105 379 4156 duos
395 4121 469 4156 soluts
489 4107 635 4158 observando
657 4121 682 4159 et
703 4112 839 4161 meditando
858 4112 981 4179 incubuit,
1002 4114 1076 4163 malni
1096 4129 1183 4170 norum
1200 4111 1313 4161 adhibere
1398 4115 1407 4126 ‘

320 4196 460 4250 numatam
477 4206 502 4245 ot
521 4200 697 4263 duplapltiiem
713 4220 767 4252 eum
785 4220 928 4268 nuncupare.
