2892 5042
603 532 664 593 183

133 709 269 793 potuisse
300 731 525 788 nonnasonrrn
542 712 631 776 effata
657 713 697 776 de
715 716 832 798 poenis.
866 717 999 794 Verdm,
1020 719 1045 780 si
1067 723 1139 782 ex·'

133 821 228 904 cipias
249 820 417 906 singularia
443 822 550 887 edica
577 824 615 888 ad
643 826 757 889 abusris
779 826 931 911 quosdam
950 828 1120 905 tollendos,

134 933 236 996 indes
250 954 378 997 canoro
398 934 444 997 111
465 934 575 1000 bacin
597 959 631 1001 re
651 941 763 1022 partim
779 941 960 1023 praestitere
980 941 1119 1025 Hispani.
1147 926 1153 935 i

132 1047 256 1119 Haecce
276 1046 374 1131 igitur
393 1048 564 1113 mittamus.

180 1156 279 1221 Hodie
297 1168 403 1221 autem
424 1168 455 1221 et
483 1159 517 1221 in
539 1160 646 1247 legum
673 1161 832 1226 codicibus
856 1174 888 1225 ct
905 1164 938 1227 in
957 1163 1121 1229 doctorum

132 1271 240 1345 libris,
261 1271 354 1334 tantis
372 1270 583 1357 progressibus
603 1271 733 1359 insignis
753 1273 812 1337 fuit
832 1273 913 1357 juris
937 1274 1025 1339 crim.
1049 1276 1118 1359 pbi-

133 1382 289 1468 losophia,
322 1394 374 1460 ut,
407 1383 500 1467 hujus
523 1385 657 1464 ratium,
690 1386 858 1452 auctoritas
886 1409 1114 1465 rrorrrmourvn

133 1496 246 1583 exigua
264 1517 330 1559 esse
349 1494 469 1560 debeat.

611 1656 645 1720 B.

180 1831 269 1911 Quae
277 1851 370 1915 porro
382 1829 422 1894 de
433 1831 689 1917 Montesquiriani
699 1834 811 1919 Operis
829 1834 984 1910 efficacii,
1006 1835 1123 1898 ratione

134 1944 321 2010 Germaniae
339 1944 501 2020 sciorum,
520 1943 650 2007 dicenda
664 1944 776 2022 habeo,
791 1945 831 2008 ad
842 1967 960 2009 meram
971 1945 1122 2009 theoriam

135 2060 309 2141 pertinent3
332 2055 441 2118 rerdm
459 2053 486 2117 is
506 2053 600 2116 bodie
620 2065 666 2117 est
685 2053 883 2120 Historioae
903 2056 1035 2121 scholae
1054 2057 1122 2133 flos,

136 2190 271 2255 eamque
299 2168 466 2231 salutarem
492 2166 602 2231 habuit
622 2168 686 2230 rim
704 2168 738 2231 in
759 2167 839 2251 juris
864 2168 987 2252 positivi
1006 2169 1123 2254 cogni-

137 2282 273 2354 tionem,
297 2290 332 2342 ut
354 2278 482 2342 omnino
501 2278 597 2362 hujus
615 2279 677 2344 loci
701 2303 766 2344 esse
785 2280 927 2344 videatur
946 2282 1122 2366 exquirere,

136 2390 292 2477 numquid
310 2392 440 2455 Aucton'
462 2392 499 2466 N,
521 2412 596 2454 cum
611 2392 647 2453 ei
671 2414 838 2455 commune
859 2393 907 2457 sit.

182 2504 414 2567 Historicorum‘
433 2512 538 2566 autem
558 2501 672 2571 ducem
698 2513 731 2563 ct
753 2502 928 2586 principem
948 2498 987 2567 ci]
1017 2524 1124 2566 unoc-

136 2638 204 2681 rsrro
223 2616 249 2679 si
262 2614 434 2691 audiamus,
459 2636 495 2678 ea
514 2611 618 2677 medio
635 2635 739 2698 praec.
758 2635 838 2677 saec.
856 2613 897 2676 in,
909 2613 1022 2678 scholis
1042 2615 1125 2678 Ger-

138 2728 262 2792 maniae
280 2726 424 2810 juridicis
443 2725 594 2789 discordia
614 2725 775 2788 obtinebat
790 2725 872 2789 inter
887 2724 1038 2789 studiosos
1052 2724 1124 2810 phi·

137 2839 296 2924 losophiae
316 2837 439 2902 moralis
456 2849 487 2901 ct
503 2837 582 2921 juris
599 2836 741 2921 positivi,
766 2847 807 2900 ut
825 2847 939 2900 neutra
960 2837 1123 2901 doctorum

138 2974 211 3036 pars
229 2961 312 3015 recte
330 2961 470 3034 caperet,
494 2949 564 3035 quis
588 2949 699 3033 Operis
716 2949 757 3012 de
767 2948 910 3037 Ingenio
919 2930 1045 3038 Legum
1058 2970 1124 3013 esse

138 3071 242 3148 posset
264 3054 355 3138 usus,
380 3061 446 3124 aliis
466 3058 506 3147 (e.
524 3083 554 3144 g.
565 3082 630 3124 von
648 3057 748 3143 rusrr)
773 3081 830 3141 per
848 3082 947 3123 meras
968 3061 1123 3124 doctrinas

137 3199 163 3238 a
175 3175 297 3262 priori
315 3193 381 3235 rem
407 3171 519 3235 confici
539 3170 739 3254 putantibus,
764 3169 841 3232 dum
861 3170 928 3232 aliis
948 3171 985 3234 A.
1005 3173 1042 3236 N.
1061 3192 1123 3234 non

137 3286 209 3348 satis
232 3282 370 3346 cruditus
392 3282 550 3346 videretur
571 3280 628 3370 (1).
663 3281 771 3344 Melius
790 3302 864 3374 'rent
893 3283 1047 3366 perspexit
1065 3304 1123 3344 su·
1162 3290 1167 3295 ’
1262 3276 1269 3291 ’

139 3419 196 3481 pra
227 3405 414 3460 memoratus
445 3396 478 3458 in
507 3393 663 3480 theologii
693 3394 824 3457 eximius
854 3395 901 3458 vir
931 3403 1122 3471 urcssdms,

139 3612 340 3621 —-—-——

174 3733 211 3801 (1)
229 3737 309 3800 Haeo,
336 3737 427 3784 Lobrd.
446 3737 471 3783 d.
490 3737 659 3786 Notumcbta
676 3736 716 3802 (0.
738 3739 833 3786 Cisrm
849 3738 886 3799 11,
906 3735 944 3784 ed.
965 3738 996 3795 4,
1019 3735 1124 3784 Berolini

141 3829 228 3891 181⁰),
238 3826 295 3891 §24
305 3844 358 3893 sqq.
377 3829 466 3876 Lehrd.
483 3828 508 3875 d.
520 3830 608 3877 derat.
624 3829 650 3875 d.
666 3828 740 3879 nom.
754 3830 786 3876 R.
798 3829 849 3875 seit
861 3837 979 3873 marinna
991 3826 1032 3891 (C.
1042 3828 1069 3874 0.
1079 3826 1122 3890 vt,

139 3919 179 3967 ed.
196 3922 229 3981 2,
247 3917 352 3966 Berolini
370 3917 463 3983 1818),
481 3917 496 3982 d
513 3920 578 3966 ³42:
607 3918 654 3966 uin
668 3914 828 3965 Deutochland
845 3915 900 3966 saud
918 3931 970 3963 man
988 3913 1029 3963 ibn
1046 3914 1124 3978 gleich

138 4011 238 4074 anfangs
248 4009 317 4058 nicht
329 4009 418 4078 gelehrt
432 4024 523 4073 genug,
540 4008 589 4057 und
604 4024 629 4056 so
644 4007 729 4056 wurde
741 4006 791 4056 ihm
805 4023 851 4055 von
866 4005 978 4054 lanchen
995 4005 1036 4055 das
1046 4006 1123 4055 work
1171 3988 1179 3997 κ

140 4100 181 4149 der
193 4100 424 4149 carlomano-nats
441 4113 538 4159 aconis,
558 4102 597 4148 De
614 4098 731 4163 l'oraffine
741 4099 785 4147 des
797 4101 857 4160 loia,
872 4100 953 4161 1758,
970 4113 1124 4163 vorgesogen,

140 4191 189 4239 and
208 4193 286 4240 Diescr
306 4192 360 4239 [and
381 4191 446 4239 mehr
464 4190 617 4255 Naobahmer,
634 4190 667 4239 als
686 4203 856 4247 nonrrsoornn
874 4187 973 4238 selbst.’'
