2892 5042
798 530 859 590 tot

330 707 670 791 animalibus'ditierat,
687 716 761 778 cum
772 712 915 800 physice,
932 714 999 776 tdm
1006 710 1178 789 moraliter3
1191 712 1324 774 utrum-'

333 844 395 908 que
411 824 578 890 discrimen
600 825 707 890 adesse
726 824 839 901 fassus,
861 834 957 911 negat
966 835 1089 904 tamen,
1111 821 1206 887 vitam
1218 823 1319 887 socia-

331 936 392 998 lem
414 958 449 998 er
468 936 602 998 hominis
619 935 735 999 natura
753 938 926 1007 necessario
947 936 1053 1019 sequi,
1077 945 1109 997 ct
1123 934 1317 998 celebratum

329 1045 407 1109 iliud
426 1044 603 1128 paradoxon
621 1056 743 1125 tuetor;
768 1046 908 1110 inmani
912 1048 1051 1134 generis
1065 1045 1159 1125 mala
1173 1046 1319 1133 magnol

321 1176 406 1242 pere
418 1164 517 1221 aneta
527 1178 596 1246 per
608 1159 782 1222 societates
797 1158 911 1221 oisile'r
925 1156 1085 1221 condrino.
1114 1155 1200 1232 Jam,
1213 1176 1316 1240 quum

329 1269 370 1333 de
389 1278 494 1356 pacto
521 1272 643 1335 romeli
671 1271 805 1335 seribere
833 1269 1071 1361 aggrederetur,
1092 1267 1179 1333 -haec
1205 1268 1316 1333 eadem

330 1381 481 1446 ratiocinii
499 1382 702 1447 fundamenta
721 1404 785 1446 csse
808 1381 955 1447 debudre.
995 1382 1164 1466 Nunquam
1183 1391 1314 1465 pactum

328 1494 407 1557 iliud
428 1494 530 1558 valere
560 1495 599 1559 ad
619 1493 752 1559 hominis
773 1494 954 1559 felicitatem
975 1491 1218 1578 promovendam
1246 1514 1314 1556 ma-

253 1650 255 1653 -
330 1607 376 1688 gis
400 1627 493 1690 quam
513 1615 636 1671 statum
660 1608 871 1682 naturalem:
906 1604 961 1669 ubi
995 1592 1102 1670 autem
1134 1603 1319 1668 necessitate

328 1717 428 1779 coacti
449 1718 511 1778 sint
537 1715 676 1779 homiues
702 1717 742 1780 ad
767 1716 938 1781 ineundam
962 1716 1159 1793 societatem,
1192 1715 1345 1787 nullam⁴

327 1825 447 1888 admitti
465 1847 569 1911 posse,
593 1826 653 1890 nisi
675 1826 708 1891 in
734 1827 797 1911 qut
817 1826 1038 1910 imperantium
1062 1828 1151 1891 actds
1176 1826 1314 1910 proticis-

328 1947 439 2001 cantur
458 1939 499 2003 ab
517 1942 658 2003 omnium
676 1940 844 2005 voluntate.
875 1938 1009 2003 Omnem
1028 1938 1199 2022 practioum
1217 1959 1332 2001 usum·

330 2051 444 2133 respuit
464 2050 541 2115 haec
561 2051 696 2130 theoria3
720 2052 842 2136 saepius
867 2031 960 2114 etism
981 2050 1197 2134 pronunciarit
1220 2047 1315 2113 nous·

326 2178 445 2236 savius,
466 2170 610 2242 pactum,
627 2162 713 2245 quod
725 2162 874 2246 fingebat,
892 2182 1056 2246 nunquam
1075 2160 1238 2251 exstitisse,
1257 2181 1312 2222 ne-

233 2262 238 2269 ’
328 2293 391 2355 que
410 2271 516 2335 adesse
532 2294 620 2355 posse
634 2269 844 2335 universitatis
858 2270 939 2334 illud
952 2292 1110 2336 summum
1129 2272 1315 2356 imperium,

327 2381 412 2463 quod
435 2383 643 2468 expetendum
664 2382 796 2448 docebat
813 2380 870 2469 (1).

370 2494 567 2580 Quipropter
587 2519 651 2561 non
668 2517 745 2580 opus
764 2506 824 2572 est,
848 2507 883 2559 ut
901 2497 1029 2559 ulterius
1048 2517 1119 2560 eam
1139 2497 1311 2561 doctrinam

323 2605 519 2692 indagemus.
564 2608 605 2670 lis
636 2617 742 2672 autern
770 2605 864 2682 locis,
899 2606 955 2668 uhi
987 2605 1085 2670 varias
1112 2602 1311 2692 antiquorum

327 2727 357 2777 et
386 2718 593 2781 recentiorum
616 2712 708 2803 leges
729 2739 766 2781 ac
793 2716 946 2802 regimina
971 2722 1128 2800 compa'rat
1155 2739 1229 2781 cum
1255 2694 1314 2780 nd-

326 2827 409 2891 tione
427 2829 582 2910 perfectae
602 2827 732 2891 civitatis
752 2827 810 2888 sibi
826 2826 1002 2901 efformati,
1026 2832 1176 2910 apparent
1193 2828 1314 2914 aliquo·

247 2972 250 2983 =
326 2938 381 2999 ties
403 2923 632 3013 uonrnsonrvu
651 2934 750 3018 operis
771 2934 937 3019 diligenter
956 2936 1029 2999 lecti
1048 2937 1176 3022 vestigia
1193 2938 1251 3024 (2).

371 3048 467 3111 Multis
494 3047 593 3133 magis
621 3068 657 3110 ea
685 3045 851 3129 conspicua
878 3047 1006 3131 suntin
1024 3046 1080 3109 iiio
1099 3048 1228 3133 scripto,
1260 3051 1313 3116 ubi

326 3160 470 3244 practicis
480 3159 615 3225 consiliis
625 3158 735 3229 dandis
743 3157 858 3222 inritus
869 3158 934 3222 tere
947 3170 977 3223 et
985 3159 1178 3225 verecundus
1187 3164 1315 3229 accessit

328 3293 528 3338 nonssuvrns.
562 3274 704 3355 Namque
729 3269 763 3334 in
786 3270 925 3354 ejusdem
944 3269 1087 3335 Moatra
1104 3273 1154 3337 ad
1171 3273 1312 3340 Polorros

330 3383 446 3470 (1772)
457 3384 631 3461 cernimus,
647 3383 832 3467 neutiquam
853 3382 955 3465 ipsum
975 3385 1123 3469 cogitasse
1141 3384 1180 3448 do
1192 3387 1313 3451 univer·

329 3493 550 3575 saliquddam
575 3495 735 3579 regiminis
761 3493 860 3557 forma
881 3494 913 3557 in
936 3494 1076 3559 omnium
1095 3518 1188 3560 usum
1210 3499 1312 3563 conse

331 3602 446 3681 rendi3¹
472 3623 571 3688 quum
603 3588 711 3666 contria
739 3604 864 3668 Polonis
895 3605 1071 3700 dissuadere
1097 3620 1227 3674 conetur
1261 3612 1311 3674 ni-

367 3880 404 3948 (1)
421 3881 451 3929 V.
469 3890 597 3945 nonssun,
616 3881 685 3929 Dirc,
697 3895 743 3928 rur
757 3872 1002 3948 t'inbgnts'td'pomt'
1017 3884 1054 3934 lor
1073 3886 1177 3936 domm
1185 3923 1195 3951 ‚
1216 3890 1311 3939 maxime

331 3973 457 4036 prooemio,
473 3989 496 4035 p.
517 3971 541 4019 11
556 3981 581 4019 et
599 3973 655 4020 noti
672 3972 712 4019 1⁰.
742 3973 847 4023 contrat
864 3976 962 4037 Sooiat,
981 3976 1042 4038 Η,
1059 3993 1080 4027 c.
1094 3979 1121 4041 2,
1139 3980 1168 4045 6,
1184 3981 1216 4045 63
1236 3981 1268 4030 11.
1286 3982 1311 4043 ⁴,

331 4062 361 4122 ⁸3
380 4061 426 4108 ur.
445 4062 469 4126 4,
487 4064 528 4127 15,
548 4063 589 4109 17.

366 4151 403 4217 (a)
420 4153 447 4198 r.
466 4165 489 4212 g.
508 4155 612 4201 contras
629 4156 726 4216 sonas,
746 4157 779 4206 11.
796 4157 821 4221 o,
840 4160 889 4225 1⁰5
908 4141 1052 4212 111.4-'-e:
