2892 5042
591 570 668 583 ---
1096 553 1128 593 11

137 719 226 784 milti
242 719 494 805 fuissefanor,
517 722 688 805 quominus
708 720 750 782 ab
769 723 896 806 incepto
917 720 1126 798 desisterem,

142 831 222 895 licet
241 830 346 917 probe
371 833 498 908 sciam,
527 839 560 894 et
583 832 786 918 elegantiam
813 839 847 894 et
875 831 1048 923 doctrinae
1073 853 1129 896 co-

48 1018 52 1023 ,
135 945 234 1033 piam
255 943 341 1013 mibi
360 941 516 1027 dqbcere,
540 951 577 1007 ut
593 943 756 1029 q'usmorli
769 943 887 1007 laudes
905 965 1045 1031 sperare
1065 967 1128 1009 au·

140 1057 223 1137 sim,
246 1074 361 1142 neque,
384 1054 473 1142 qnod
495 1054 545 1118 ad
555 1056 707 1140 formam
733 1056 880 1137 adtinet,
903 1059 975 1118 oiri
996 1058 1039 1121 cl.
1055 1078 1130 1133 ves·

4 1177 5 1180 ’
64 1242 70 1251 k
130 1169 243 1254 ligiis
262 1170 420 1231 insistere
442 1168 538 1231 licuit
567 1168 603 1230 ob
627 1167 725 1253 liujus
746 1171 937 1255 argumenti
954 1171 1127 1233 rationem.

185 1279 246 1344 Ad
267 1279 357 1367 quod
375 1278 599 1366 exponendum
618 1280 673 1342 ubi
682 1283 911 1368 pervenerim,
935 1280 974 1343 de
987 1301 1130 1344 nonces-

139 1412 273 1469 onemo,
296 1393 369 1455 cbm
393 1389 545 1454 Historico
568 1391 635 1453 tbm
655 1391 728 1454 tcto
752 1399 907 1472 acturus,
930 1393 1044 1456 nullus
1067 1393 1130 1457 du·

141 1501 228 1579 bito,
262 1505 343 1588 quin
365 1503 478 1589 facile
502 1503 640 1575 medas,
674 1503 718 1565 B.
744 1503 811 1567 L!
839 1506 926 1567 mibi
944 1514 977 1569 et
993 1508 1077 1570 utile
1099 1516 1131 1570 et

132 1615 316 1700 jucundum
332 1636 412 1702 opus
423 1615 556 1702 fuisse,
580 1615 641 1678 boc
658 1617 818 1702 specimen
838 1614 1004 1701 conficere.
1040 1616 1135 1690 Bene

98 1754 100 1757 ’
140 1729 228 1788 enim
253 1730 375 1790 meruit
399 1727 440 1790 de
468 1728 612 1790 omnibus
626 1727 862 1814 ferma-quac
885 1726 935 1791 ad
954 1729 1129 1816 politicam

133 1822 352 1927 prudentiam
367 1841 557 1928 consemmt,
583 1860 838 1915 uonrnsomvms
847 1834 866 1917 ;'
879 1839 920 1904 de
934 1842 1051 1927 quibus
1066 1862 1129 1904 non

141 1950 247 2016 solum
268 1954 410 2040 egregia
432 1952 581 2039 protulit
605 1949 723 2036 effata,
748 1952 810 2016 scd
835 1956 886 2015 ita
903 1953 1052 2038 protulit
1059 2000 1069 2030 ,
1091 1962 1130 2015 ιιι

115 2065 279 2152 legendo
299 2067 449 2144 nescias,
484 2067 596 2126 utram
617 2067 728 2152 magis
759 2064 928 2146 docearis,
953 2086 998 2128 an
1017 2065 1127 2129 oblec-

141 2181 244 2254 teris,·
273 2197 381 2264 porro
405 2175 488 2240 adeo
512 2176 709 2240 celebratum
739 2185 789 2239 est
813 2175 902 2240 Viri
926 2198 1059 2258 nomen,
1090 2186 1128 2240 ιιι

64 2372 68 2377 f
142 2288 362 2353 adsidiorum
391 2288 613 2369 abundantia,
642 2292 760 2377 potius
789 2311 886 2376 quam
909 2292 1024 2379 inopia
1043 2290 1130 2353 mibi

140 2411 236 2467 esset.
580 2402 587 2413 '

189 2514 317 2580 Vereor
335 2526 462 2596 autem,
486 2521 621 2602 nequis
642 2516 795 2602 officiat,
820 2520 869 2580 sic
883 2516 1042 2603 eligenda
1050 2515 1125 2579 dis·

133 2628 285 2713 putandi
302 2629 459 2698 materie,
483 2627 629 2688 mihimet
649 2627 780 2712 quidem
801 2626 1123 2711 consultumfiiisse,

115 2738 252 2825 ‘nerim
282 2743 334 2804 ita
362 2742 529 2828 cognitam
556 2759 627 2803 eam
650 2760 723 2801 csse
745 2748 777 2802 ct
801 2742 935 2815 tritam,
969 2746 1006 2801 ut
1020 2759 1125 2825 pecu·

141 2856 227 2919 liari
242 2855 282 2919 cle
305 2856 540 2930 noncesomvro
554 2852 835 2941 scriptionenibil
852 2852 935 2915 utile
950 2859 1126 2938 gratumve
1181 2860 1186 2865 ‘
1263 2912 1269 2928 x

84 2990 87 3003 ·
118 3026 121 3030 .
141 2969 260 3032 lectori
278 2970 441 3043 contineri
460 2970 584 3054 possit.
625 2964 721 3050 Quod
736 2965 904 3050 judicium
924 2985 965 3028 ne
975 2966 1125 3051 perlecto

19 3148 21 3155 χ
140 3081 200 3144 boc
229 3082 458 3167 qualicumque
481 3079 634 3165 opusculo
657 3078 778 3164 feras,
804 3075 845 3139 B.
869 3076 909 3140 L.
921 3077 936 3140 Ι
968 3079 1125 3162 inprimis

30 3260 32 3265 ,
111 3184 317 3277 'optandum
340 3192 500 3255 arbitror.
535 3189 668 3254 Reverd
688 3193 775 3252 enim
798 3210 840 3252 en
859 3189 996 3252 collatis
1012 3189 1125 3252 multis

141 3304 232 3384 illis,
256 3324 340 3389 quae
366 3303 406 3367 de
419 3301 605 3388 praeclaro
630 3302 690 3363 boc
707 3299 910 3386 pbilosopbo
920 3303 1125 3385 prmmncici-

142 3424 221 3478 runt
239 3419 308 3478 oiri
325 3415 433 3496 docti,
449 3422 566 3502 patet,
589 3422 625 3476 ut
644 3412 685 3476 de
709 3416 819 3500 ipsius
839 3412 1006 3476 laboribus
1023 3413 1125 3499 judi·

141 3531 225 3594 mum
240 3530 395 3616 feratur,
419 3550 482 3592 non
506 3528 673 3616 sufficere,
696 3530 730 3590 si
753 3527 825 3612 ejus
853 3529 983 3613 scripta
1006 3548 1048 3590 ea
1069 3529 1125 3593 bo-
1242 3578 1246 3582 .

141 3632 263 3707 (lierni
278 3640 535 3729 disciplinarum
556 3640 740 3705 conditione
760 3637 999 3725 dijudicemus,
1023 3660 1125 3727 neque

142 3757 176 3819 oi
198 3777 419 3841 quaeramus,
442 3774 605 3842 quaenam
630 3754 702 3839 qus
727 3750 827 3840 effata
852 3751 945 3839 apud
970 3752 1056 3814 banc
1081 3752 1124 3814 il-
1202 3806 1208 3827 ,

141 3868 245 3931 lumoe
252 3866 525 3954 pbilosophorum
549 3874 685 3941 sectam,
709 3874 769 3929 aut
787 3866 951 3929 bominum
972 3867 1006 3925 in
1027 3884 1124 3949 repu-

135 3982 278 4068 publicd
297 3983 499 4044 versantium
516 3980 702 4067 factionem
724 3978 907 4064 plurimum
931 3975 1126 4053 valuerint:

142 4094 202 4157 sed
221 4095 428 4157 acaeratiori
448 4113 529 4178 opus
557 4112 628 4153 esse
649 4088 869 4153 delineatione
886 4092 1025 4172 aetatis,
1057 4094 1127 4177 qud

96 4220 97 4223 ’
141 4210 246 4281 cinit,
271 4213 302 4269 et
321 4207 401 4286 loci,
426 4205 632 4290 queminter
655 4203 811 4290 aequales
833 4201 985 4268 obtinuit.
