2892 5042
734 550 860 636 ⁸as

345 726 514 791 conditioni
528 723 696 789 adfundere
708 723 804 788 vulriit
813 721 871 810 (1).
896 723 947 788 Ab
964 721 1125 806 ejusmodi
1143 719 1342 805 scriptoribus

346 837 462 900 summi
484 837 633 899 momenti
662 835 857 920 quaestiones
882 833 921 897 ad
949 843 1164 898 memoratam
1177 813 1182 833 ¹
1195 830 1342 916 epocham
1428 842 1429 863 ¹

346 948 535 1031 pertinentes
560 946 678 1032 negligi
705 945 854 1010 debuere.
896 946 1014 1010 Verdm
1042 965 1080 1006 ex
1110 942 1271 1007 industrii
1298 941 1343 1005 eas

346 1058 501 1141 explicare
521 1058 622 1120 eonati
645 1066 785 1120 auctores
806 1055 885 1133 duc,
909 1055 1017 1139 magni
1028 1052 1174 1117 nominis
1192 1065 1341 1137 uterque,
1428 1084 1429 1089 κ

345 1188 486 1255 quorum·
507 1168 601 1251 operd
633 1167 670 1229 si
689 1166 872 1242 viderimus,
903 1165 981 1251 quid
1012 1164 1168 1229 effectum
1193 1165 1249 1241 sit,
1275 1183 1342 1226 mox

345 1279 559 1361 perveniemus
569 1277 608 1340 ad
625 1299 671 1359 ea,
693 1299 773 1361 quae
791 1279 857 1361 ipse
869 1276 1053 1361 praestiterit
1068 1295 1340 1352 uonunspmvrus.

344 1390 426 1453 Sunt
450 1390 473 1451 ii
493 1411 532 1451 nn
557 1409 838 1453 noumnvnnrnas
867 1400 898 1452 et
920 1404 1052 1466 omos,·
1073 1388 1135 1451 ille
1155 1386 1341 1462 nobilitatis,

298 1540 300 1549 ι
345 1499 578 1586 privilegiorum
617 1509 648 1562 et
678 1498 821 1563 ordinum
865 1501 1059 1586 generalium
1098 1512 1257 1582 patronus
1292 1517 1341 1558 seu

347 1632 475 1696 praeco,
498 1612 543 1673 uti
565 1621 683 1673 nostras
704 1612 746 1674 ait
762 1632 877 1690 xnu1r3
898 1610 951 1676 bic
976 1612 1048 1674 novi
1060 1604 1159 1694 plane
1172 1605 1341 1695 systematis

348 1719 485 1795 historici
506 1729 628 1794 auctor,
653 1740 718 1802 quc
736 1718 941 1784 democratiae
959 1722 992 1782 in
1012 1721 1144 1785 Francia
1167 1718 1340 1802 monarchi·
1428 1700 1429 1703 ¹

349 1850 401 1892 am
431 1828 605 1892 absolutam
635 1839 860 1913 superstrueret
881 1829 937 1917 (2)
982 1833 1128 1915 Namque
1160 1832 1274 1897 Comes
1305 1851 1340 1892 nn

348 1961 638 2016 aonmrrvnmnns,
659 1940 858 2005 utilissimum
885 1940 1001 2025 patriae
1034 1942 1100 2004 lore
1124 1942 1293 2027 judicans,
1317 1941 1350 2002 si«
1428 2018 1429 2021 Ἴ

309 2070 316 2081 ·
350 2054 439 2140 regni
470 2072 611 2135 proceres
644 2051 801 2136 regiminis
837 2064 941 2117 essent
969 2054 1151 2138 participes,
1182 2053 1339 2118 historiam

350 2163 495 2227 Franciae
517 2161 592 2224 adiit
613 2182 650 2223 eo
669 2162 762 2224 unice
781 2164 910 2226 consilio
931 2165 1017 2228 utin
1037 2164 1102 2246 ipsi
1122 2166 1283 2230 inveniret
1302 2162 1339 2226 ab

348 2271 570 2357 antiquissimis
594 2271 667 2334 inde
694 2273 882 2355 temporibus
909 2277 1162 2340 constitutionem
1194 2275 1339 2341 exstitisse

347 2385 476 2471 qualem
495 2383 560 2466 ipse
575 2404 702 2446 cernere
713 2384 860 2468 cupiebat
875 2384 932 2473 (3).
966 2387 1126 2463 Nationes,
1148 2410 1233 2473 quas
1252 2388 1288 2451 ed
1302 2384 1339 2447 de
1359 2388 1365 2413 ⁸
1428 2382 1429 2387 ’

352 2518 387 2559 re
408 2496 465 2558 sibi
482 2493 676 2570 informavit,
698 2493 762 2558 buo
785 2495 925 2560 redeunt.

395 2608 522 2684 Franci,
542 2606 622 2671 duce
636 2627 818 2685 cnonnvnn,
843 2608 957 2673 Gallias
979 2608 1157 2673 invadentes
1180 2620 1213 2673 et
1235 2626 1338 2671 omnes

352 2731 449 2785 terras
477 2719 536 2782 sibi
561 2719 719 2794 summere,
750 2729 781 2782 et
805 2719 839 2780 in
861 2719 1038 2782 servitutem
1059 2718 1211 2802 redegere
1233 2737 1336 2782 omnes

352 2831 478 2894 incolas.

385 3015 421 3084 (1)
440 3017 475 3065 ld.
493 3016 528 3065 ib.
547 3018 571 3078 1,
588 3033 643 3082 pag.
653 3021 703 3067 200
721 3035 772 3086 sqq.

385 3107 421 3175 (2)
446 3110 532 3172 Ktmt,
550 3110 621 3158 nist.
643 3109 686 3158 der
703 3112 874 3160 Hellandsebe
890 3116 1098 3181 ,Stootsrepen'aq
1106 3152 1116 3177 ,
1136 3115 1182 3181 lV,
1200 3132 1256 3182 pag.
1275 3113 1334 3161 219·

349 3202 389 3250 Cf.
406 3201 523 3265 judicium
538 3200 602 3266 quod
614 3200 643 3250 de
657 3203 906 3268 iisscriptoribuslert
918 3220 1129 3273 nouursoorvrns,
1141 3211 1177 3258 E.
1189 3210 1216 3259 d.
1225 3211 1256 3258 L.
1267 3201 1335 3256 XXX·

353 3295 393 3342 10.
421 3295 521 3358 Scripta,
541 3291 632 3358 quibus
656 3295 778 3359 opiniones
797 3294 839 3345 hae
856 3295 885 3344 dc
906 3315 931 3346 re
950 3297 1084 3362 prodidere,
1102 3308 1170 3363 sunt5
1189 3298 1289 3348 Comitis
1305 3306 1335 3343 n}
1428 3284 1429 3297 ¹

349 3398 584 3448 monstrauimus,
602 3401 661 3448 opus
678 3387 795 3452 citatum,
813 3387 851 3434 111
870 3387 926 3435 voli.
947 3390 973 3436 in
995 3391 1048 3452 12⁰3
1069 3402 1138 3453 porro
1157 3389 1228 3436 multi
1247 3389 1295 3436 lori
1311 3387 1336 3433 in
1428 3390 1429 3393 ’

256 3540 259 3543 Δ
351 3474 429 3538 ejusd.
446 3473 813 3540 Mdmoa'resprdseatddepr.
827 3481 849 3524 lo
863 3479 911 3526 duc
930 3474 1073 3540 d'Orldons,
1092 3489 1138 3528 etc.
1155 3479 1245 3547 (flagae
1259 3474 1333 3538 1727)
1428 3518 1429 3521 ,

352 3565 377 3620 11
391 3562 450 3612 voll.
470 3565 496 3610 in
517 3565 582 3626 ¹²⁰·i
602 3573 626 3609 et
643 3565 712 3613 Birt.
732 3565 761 3614 de
773 3569 800 3615 lo
820 3570 907 3616 Poiria
919 3585 970 3634 por
983 3569 1013 3617 D.
1025 3570 1051 3622 B.
1070 3568 1180 3636 (londini
1192 3569 1274 3633 1740)
1292 3583 1332 3615 un.

351 3653 400 3702 vol.
416 3655 442 3702 in
459 3638 497 3701 8⁰.
514 3668 574 3717 quae
589 3651 679 3700 easdem
691 3656 766 3703 refert
778 3659 920 3720 sententias,
939 3658 996 3707 lieet
1013 3659 1121 3710 nonnulli
1139 3661 1184 3709 viri
1202 3660 1266 3709 docti
1285 3673 1332 3705 eam
1361 3707 1367 3715 χ

351 3744 444 3794 cuidam
459 3759 478 3790 r.
496 3754 674 3789 romanoram
693 3743 836 3795 adscribant.
863 3748 901 3797 Cf.
917 3761 1030 3814 nimina,
1049 3748 1122 3803 Βία.
1139 3751 1183 3800 dea
1202 3763 1332 3813 ononymos

352 3845 378 3884 et
392 3834 590 3901 pseudonymae,
609 3830 644 3897 ll,
662 3850 717 3899 pag.
739 3838 773 3883 85
793 3835 843 3904 (a)
871 3837 971 3887 Abbatis
990 3851 1061 3886 noros
1083 3839 1129 3888 huc
1151 3850 1241 3907 spectat
1265 3840 1331 3888 Hae.

354 3925 467 3991 critique
492 3927 522 3975 da
545 3924 760 3977 l'Etadb'ssamant
778 3928 810 3976 'da
834 3931 860 3977 lo
883 3931 1029 3978 Monarcbie
1054 3930 1192 3991 Fronpoise
1212 3931 1274 3979 dona
1296 3929 1331 3975 les

353 4021 449 4067 Goulos
463 4020 538 4083 (Paris
554 4018 631 4085 1734)
648 4022 685 4069 111
702 4020 760 4069 voll.
774 4023 801 4070 in
818 4023 855 4069 4⁰.
1364 4085 1365 4088 Ἴ

387 4107 425 4173 (3)
443 4108 585 4170 Mdmoires,
603 4111 623 4176 l,
640 4113 715 4175 praei.
734 4122 758 4160 et
774 4129 829 4178 pag.
850 4116 890 4163 12.
917 4115 953 4163 Gi.
971 4126 1066 4178 emtor,
1084 4116 1192 4165 Histoe
1205 4119 1231 4164 lo
1245 4111 1329 4163 aviti·

352 4201 434 4249 cotton
453 4216 483 4248 en
501 4201 597 4248 Franco
613 4198 707 4266 (Caura
727 4202 835 4265 d‘Hist„
851 4195 883 4266 ,7)
899 4206 965 4268 leqon
977 4206 1014 4254 111
1031 4206 1106 4269 princ.
1226 4183 1229 4188 ¹
1428 4198 1429 4201 ¹
