2892 5042
355 723 408 766 am
422 699 503 761 nove
520 670 743 760 constitutione
761 692 942 765 luudatam,
953 688 1060 775 quales
1069 685 1206 750 bodiein
1216 685 1342 769 Europa
1428 770 1429 779 ἵ

356 811 512 876 habentur
528 806 593 897 (1);
616 809 670 873 alii
695 806 849 892 denique,
877 823 951 868 eum
968 801 1039 865 ideo
1057 821 1134 884 opus
1152 819 1246 864 suum
1269 819 1343 862 cou-

357 922 658 1008 committebam,
692 928 728 982 ut
758 917 926 1004 Anglicam
956 910 1225 987 constitutionem,
1260 930 1345 994 quae

356 1034 693 1121 integramFranciam
713 1030 944 1105 transferretur,
956 1023 1203 1101 commendaret,
1221 1033 1345 1086 sentem
1427 1080 1429 1123 ;

357 1148 434 1213 tiam
447 1145 639 1211 adstruentes
653 1143 722 1208 loco
738 1141 801 1229 (Ε.
814 1141 849 1206 d.
862 1140 903 1206 L.
914 1139 969 1205 xl.
979 1142 1018 1215 6,
1036 1132 1143 1221 extr),
1167 1134 1224 1198 ubi
1241 1155 1346 1218 repre·
1427 1134 1429 1175 ἒ

357 1258 506 1324 henditur
526 1277 789 1331 mameranus,
813 1251 897 1340 quod
916 1251 986 1327 ille,
1007 1246 1085 1313 dum
1105 1247 1222 1310 viveret
1243 1246 1279 1308 in
1300 1266 1346 1307 re·

359 1372 454 1459 gioria
471 1372 515 1435 ita
533 1369 615 1433 bene
638 1366 820 1444 consumo,
852 1364 942 1429 fictae
966 1360 1164 1446 perfectionis
1191 1358 1349 1441 exemplar
1428 1362 1429 1375 ¹

357 1482 394 1546 in
416 1481 584 1549 Oceanioe
604 1502 677 1546 suae
703 1477 886 1545 commentis
906 1472 1090 1561 quaesiverit
1109 1467 1169 1557 (2).
1218 1469 1347 1555 Singula
1428 1500 1429 1503 ι

360 1593 531 1661 refellenda
538 1617 547 1673 ;
663 1648 665 1651 .

408 1711 442 1768 1⁰
474 1706 583 1790 igitur,
606 1724 671 1767 uon
688 1692 790 1786 potuit
817 1718 1071 1774 noscesqcrrrus
1096 1695 1350 1760 democraticum

363 1816 505 1903 regimen
526 1813 672 1876 omnibus
701 1811 829 1898 reliquie
852 1809 897 1875 ita
915 1808 1089 1893 praeferre,
1119 1817 1157 1870 ut
1177 1804 1252 1870 inde
1275 1815 1349 1868 tan-

362 1930 433 1993 tilm
461 1927 651 1992 nascituram
674 1924 878 1989 arbitraretur
909 1921 1042 1986 salutem
1058 1918 1266 2004 populorum,
1289 1917 1351 1980 imo

364 2051 402 2105 ut
421 2039 588 2105 consilium
608 2038 758 2122 agitaret,
774 2032 855 2097 illud
872 2031 1039 2097 invehendi
1061 2033 1096 2094 in
1115 2031 1281 2099 Franciam
1298 2029 1352 2093 de·
1427 2038 1429 2051 “

365 2153 513 2215 trimento
529 2148 631 2233 regiae
648 2145 822 2232 dynastiae,
843 2147 890 2208 uti
907 2146 928 2209 l.
941 2166 970 2211 c.
987 2142 1132 2229 perhibet
1148 2153 1259 2208 auctor
1274 2143 1352 2226 Ope·

366 2260 408 2324 ris
426 2260 468 2325 de
487 2259 696 2323 mereim
707 2256 889 2322 Franciod.
912 2258 980 2322 Hoc
999 2256 1351 2345 nessdubiumqvideatm,

366 2370 403 2436 in
432 2368 616 2441 memoriam
644 2388 681 2433 ea
710 2368 803 2432 modo
828 2367 1000 2434 revocanda
1034 2377 1122 2445 sunt,
1155 2349 1238 2454 quae
1261 2365 1355 2452 priori

367 2479 545 2570 qieciminis
570 2489 675 2565 parte,
697 2498 766 2565 cap.
786 2481 811 2545 Ι.
840 2484 913 2568 §2‚
941 2485 977 2556 4,
1008 2480 1122 2566 collegi
1139 2481 1183 2544 de
1208 2499 1353 2544 nonrm-

368 2615 474 2673 ourvn
493 2594 563 2658 loco
592 2593 626 2656 in
648 2592 732 2656 civili
750 2594 914 2669 societate,
938 2591 1040 2676 deque
1061 2590 1128 2674 ejus
1151 2590 1257 2654 indole
1276 2590 1354 2675 pacis

369 2717 510 2784 amante,
536 2704 708 2770 discordiae
737 2704 958 2770 adversissimi.
1004 2703 1061 2770 Vir
1093 2702 1165 2780 ille,
1198 2724 1297 2787 qoem
1329 2709 1355 2763 et

372 2819 534 2891 educatio,
567 2828 598 2879 et
626 2837 761 2894 munus,
791 2827 821 2879 et
845 2816 989 2879 fortunae
1008 2813 1089 2880 dona
1107 2815 1147 2881 ab
1165 2812 1358 2899 importumis

373 2925 582 2992 eversionibus
602 2938 633 2988 et
662 2925 887 2990 mutationibus
908 2925 1075 2992 abhorrere
1094 2925 1281 3003 docuerant,
1306 2924 1356 3010 qui

374 3049 456 3102 sorte
473 3037 528 3102 sud
549 3048 730 3115 contentus,
749 3039 905 3103 excelsum
928 3038 1000 3102 satis
1017 3038 1052 3101 in
1071 3038 1172 3123 patrii
1189 3039 1297 3103 locum
1317 3048 1359 3100 te-

374 3160 481 3246 neret,
505 3148 562 3212 ille
577 3159 662 3213 certc
680 3171 744 3213 esse
754 3149 896 3235 nequivit
914 3172 1018 3214 rerum
1030 3171 1179 3213 novamm
1198 3149 1358 3241 studiosus.
1427 3156 1428 3173 ¹

421 3259 530 3344 Quid?
553 3259 637 3347 quod
650 3258 796 3346 inOperis
818 3261 1008 3345 praefatione
1025 3260 1222 3344 profiteatur,
1244 3280 1361 3344 serpe

377 3399 460 3453 rare,
491 3375 630 3460 legentes
662 3397 698 3437 ex
732 3397 769 3438 eo
800 3396 864 3438 non
887 3396 966 3439 rana
998 3373 1149 3439 desideria
1172 3374 1257 3458 ejus,
1280 3370 1359 3460 quod

340 3548 346 3565 ,
377 3505 551 3568 numquam
576 3485 718 3547 futurum
749 3494 843 3560 esset,
877 3483 1055 3562 hausturus,
1085 3485 1143 3551 sed
1163 3486 1361 3551 incitamenta

378 3594 419 3661 ad
447 3594 675 3671 venerandum,
706 3594 920 3680 diligendum,
951 3595 1118 3661 colendum
1142 3597 1362 3683 quodcumque

415 3793 453 3862 (1)
471 3795 552 3860 Etoys
570 3794 601 3842 ds
616 3803 803 3859 nosrrsqricu,
816 3810 868 3857 por
884 3807 1024 3845 vitemur
1038 3796 1144 3864 (Parisiis
1153 3795 1301 3863 1817),pag.
1308 3797 1346 3845 ⁴0.
1426 3770 1427 3821 3

339 3950 354 3965 m
414 3885 453 3954 (Β)
470 3886 630 3937 Staotsreeht
642 3884 686 3934 der
701 3889 933 3937 comtimtionetlcn
951 3890 1177 3939 monachica-aon
1190 3901 1210 3937 ι.
1230 3903 1254 3937 r.
1264 3886 1328 3938 Fre.
1339 3898 1360 3931 v·

381 3989 466 4027 mun
484 3976 639 4044 (Alteuburgi
659 3974 752 4044 182⁴),
778 3996 802 4027 v.
822 3980 847 4041 1,
864 3994 919 4044 pag.
935 3982 979 4042 80,
996 3980 1031 4028 86
1049 3989 1086 4044 et,
1105 3996 1175 4045 quen
1193 3982 1266 4043 citat,
1284 3991 1361 4036 cmr,
1423 4010 1427 4016 -

383 4068 418 4116 sle
439 4070 533 4133 donqer
551 4084 617 4132 pour
636 4071 662 4118 lc
682 4069 781 4121 Franco
797 4068 927 4137 d’cdoptcr
948 4076 970 4121 to
991 4072 1138 4122 mtcaneme
1160 4069 1365 4122 entertained

383 4159 413 4207 ds
432 4155 601 4223 t'Anqleterrc
617 4157 722 4225 (Parisiis
741 4160 829 4228 1814).
