2892 5042
822 512 868 574 86

345 717 422 761 num
443 694 651 778 imprudentia
668 694 821 780 originem
840 694 965 758 duxere.
999 691 1051 755 Sic
1070 698 1174 754 autem
1199 711 1237 752 eo
1258 709 1333 751 mu-

345 829 421 872 nere
440 808 582 892 fungitur
594 804 653 894 (1),
674 816 709 869 ut
724 824 815 888 saepe
829 824 947 867 norum
957 813 989 866 et
999 802 1245 885 inexspectatum
1257 797 1334 884 quid

345 917 462 1004 legenti
483 917 598 981 offerat.
631 916 664 979 Si
688 915 827 998 exempla
850 912 1080 988 desiderantur,
1102 912 1223 995 legatur
1245 932 1274 973 c.
1298 912 1335 987 23

345 1029 401 1091 ubi
419 1029 520 1105 docet,
549 1050 607 1092 nec
626 1049 756 1091 rourum
776 1048 835 1089 neo
852 1046 1001 1090 caesaris
1021 1022 1190 1089 ambitione
1209 1021 1336 1105 periisse

346 1141 589 1223 rempublicam,
613 1140 667 1203 sed
688 1139 863 1202 libertatem
880 1158 1054 1223 numquam
1074 1132 1186 1198 servari
1198 1132 1337 1216 potuisse

345 1274 381 1314 ex
397 1271 461 1334 quo
482 1274 577 1314 eruca
590 1250 742 1313 militibus
758 1271 846 1335 agros
869 1248 991 1314 Italicos
1013 1243 1244 1325 distribuendo,
1267 1245 1336 1306 Ro-

343 1381 427 1424 mam
464 1360 625 1425 obnoxiam
659 1358 792 1423 reddidit
814 1358 946 1423 lactiosis
974 1357 1087 1441 copiis,
1121 1376 1257 1440 quasue
1282 1375 1336 1416 sa-

345 1482 537 1534 cramentum
569 1471 696 1557 quidem
727 1472 852 1556 ligaret3
886 1470 980 1554 paulo
1006 1470 1087 1533 infra
1118 1465 1238 1530 summai
1258 1487 1333 1528 cum

343 1590 412 1643 arte
425 1582 601 1662 paradoxon
622 1580 700 1644 illud
722 1590 828 1644 tuetur
845 1601 1117 1656 uonrasomvrus,
1145 1577 1234 1640 bellis
1255 1575 1334 1639 ciri-

343 1688 425 1769 libus
454 1712 517 1751 non
550 1701 710 1772 tantopere
739 1689 896 1753 debilitari
922 1688 1092 1773 populum,
1129 1696 1247 1772 quanto
1276 1706 1336 1769 per

342 1798 508 1880 imperium
533 1798 743 1883 despoticum,
764 1798 861 1883 'quod
881 1797 939 1881 ipsi
957 1799 1152 1883 imponatur3
1173 1797 1244 1861 dein
1266 1796 1332 1858 ob-

342 1908 547 1985 servandum,
571 1909 655 1995 quod
679 1932 746 1995 cap.
769 1912 810 1974 14
825 1910 974 1995 legimus,
997 1909 1073 1972 falso
1096 1908 1245 1994 quosdam
1265 1907 1333 1991 opi-

343 2022 428 2097 nari,
462 2043 615 2085 rmearuu
647 2024 796 2085 Senatum
834 2021 1009 2106 deprimere
1048 2020 1195 2096 voluisse,
1230 2040 1333 2103 quum

341 2140 449 2193 contra
467 2130 663 2194 abhorruisse
679 2130 822 2194 videatur
837 2131 995 2194 asordidis
1011 2131 1078 2212 ejus
1091 2129 1329 2205 adulationibus,

341 2240 419 2303 dum
447 2240 556 2315 simul,
590 2241 668 2303 mira
701 2240 879 2323 disparitate
912 2242 1033 2327 ingenii
1062 2240 1209 2319 humani,
1242 2243 1333 2306 obsc-

340 2351 502 2435 quentiam
516 2361 655 2436 posceret
671 2352 796 2434 plenam
809 2363 867 2417 etc.
884 2354 925 2415 ,lt
936 2352 1013 2437 quid
1027 2352 1142 2436 plura?
1156 2349 1240 2415 haud
1251 2363 1333 2436 puto

340 2462 481 2545 opusculi
501 2462 544 2526 ita
561 2461 703 2525 universe
722 2463 788 2524 noti
810 2462 947 2548 analysin
964 2464 1031 2528 dari
1052 2448 1210 2546 oporteie3
1225 2475 1331 2548 neque

340 2573 421 2636 illud
444 2574 668 2636 commentario
700 2573 836 2659 indiget,
867 2597 926 2639 nec
951 2576 1056 2659 plures
1091 2576 1157 2658 ejus
1187 2596 1330 2639 censores

337 2685 458 2764 inveni3
483 2707 556 2750 nam
580 2695 705 2761 contra,
740 2685 837 2749 severi
857 2687 948 2750 etiam
977 2708 1207 2762 uonnnsomvrr
1229 2686 1330 2750 critici

336 2794 371 2856 in
387 2795 446 2857 hoc
461 2795 542 2857 libro
560 2794 648 2856 solitd
671 2795 822 2875 majorem
843 2789 990 2874 ἀκριβείαν
1006 2797 1103 2880 ipsius
1124 2796 1328 2861 admirantur.
1343 2866 1349 2873 ,

377 2904 447 2964 Huc
470 2892 649 2965 referendus
669 2924 855 2976 mansuros,
877 2902 917 2966 de
937 2906 1026 2987 cujus
1046 2907 1327 2984 observationibus,

262 3060 265 3067 f
337 3011 412 3076 licet
440 3012 523 3075 locos
547 3011 647 3094 operis
677 3011 718 3074 de
745 3011 889 3098 Ingenio
919 3015 1045 3102 Legum
1066 3028 1237 3100 spectent,
1271 3017 1329 3081 hte

336 3123 431 3186 verbo
458 3121 767 3215 monendumduxi,
801 3122 874 3208 quia
894 3128 1015 3189 tantdm
1035 3127 1074 3190 de
1093 3126 1239 3192 historiae
1260 3132 1327 3192 Ro-

335 3255 446 3297 manae
472 3231 702 3316 quaestionibus
723 3255 840 3318 agens,
867 3257 1008 3297 errorum
1031 3248 1061 3298 et
1080 3240 1242 3322 neglectae
1267 3240 1326 3302 de-

319 3344 418 3407 bitae
451 3365 544 3408 curac
568 3324 738 3405 Auctorem
767 3344 804 3406 Ν.
832 3344 934 3428 arguit
957 3342 1019 3432 (2).
1063 3348 1179 3410 Decem
1202 3349 1328 3413 circiter

335 3455 463 3518 mendas
485 3477 521 3516 eo
545 3456 578 3515 in
605 3475 719 3538 genere
750 3456 866 3538 tangit,
899 3457 938 3519 de
964 3460 1077 3543 quihus
1099 3464 1325 3529 severissimum

333 3563 487 3648 judicium
507 3564 584 3639 fert3
609 3585 668 3626 nec
695 3563 775 3627 vitiis
797 3586 968 3631 carereeos
988 3570 1088 3647 locos,
1112 3573 1151 3636 de
1177 3575 1323 3640 omnibus

369 3771 405 3839 (1)
427 3772 471 3820 Gr.
490 3779 516 3819 ot
531 3768 594 3819 Dte.
612 3786 633 3817 c
648 3772 759 3819 10-23.

369 3864 418 3931 (2),
431 3865 460 3911 V.
481 3862 714 3912 Animadversionem
731 3862 902 3927 philologicos
909 3901 919 3925 ,
942 3869 970 3914 in
992 3869 1085 3917 liberem
1113 3871 1265 3919 Frorrct'oom
1292 3875 1324 3922 do

338 3957 431 4005 Caucis
449 3957 542 4016 Legum
565 3955 591 4001 in
613 3966 634 4002 J.
651 3967 677 4002 Α.
695 3965 814 4018 tunsam,
844 3970 929 4018 opusc.
952 3958 1046 4022 philol.
1075 3962 1132 4010 crit.
1159 3958 1246 4026 (bugd.
1268 3964 1323 4014 Bet.

337 4042 416 4106 1764)
432 4059 486 4106 pag.
503 4047 538 4091 52
555 4059 608 4108 sqq.
637 4045 828 4110 Cf.vosrs1as,·
846 4047 1025 4113 Cmommtoiro
1036 4065 1082 4098 sor
1097 4053 1217 4114 quo-'ques
1233 4057 1322 4118 princ.

336 4136 455 4185 erexisses
471 4135 500 4181 do
521 4131 571 4181 I'E.
594 4134 619 4180 d.
637 4136 665 4182 L.
685 4135 753 4199 chap.
775 4139 807 4184 10
825 4153 888 4203 oqq.;
908 4148 932 4187 at
950 4137 977 4188 de
995 4139 1038 4187 hoc
1055 4141 1118 4190 infra
1135 4142 1259 4207 agendum,
1325 4168 1328 4175 ·
