2892 5042
814 524 856 587 tt

345 723 471 797 psopter
490 710 554 775 duo
573 707 727 795 quaedam
749 706 815 791 ejus
833 703 953 791 ingenii
972 700 1115 786 propria,
1139 718 1223 784 uitae
1239 695 1338 763 ideu-

344 824 442 888 tidem
465 822 617 907 adparent
639 821 673 884 in
691 819 824 903 scriptis

388 936 492 1000 Primb
503 934 620 1000 seib’oet
630 932 756 997 difficile
772 929 833 1015 ipsi
841 937 908 993 erat
922 926 963 992 de
977 924 1121 1011 pluribus
1138 921 1341 1010 argumentis
1422 934 1423 959 ³

344 1047 502 1133 opiniones
533 1070 601 1112 suas
633 1046 772 1111 oratione
802 1042 974 1128 exprimere
1006 1039 1123 1123 absque
1148 1036 1341 1105 confusione

345 1159 494 1246 quidam,
527 1181 626 1246 quum
658 1158 707 1236 id,
739 1156 826 1244 quod
853 1156 893 1220 do
917 1155 1015 1219 altero
1037 1152 1171 1228 diceret,
1205 1150 1339 1217 alteriue

344 1272 512 1360 imaginem
531 1272 693 1337 confestim
717 1271 747 1334 ei
769 1270 901 1335 ullerret.
945 1269 1016 1351 Ipse
1034 1264 1143 1331 amieis
1161 1264 1340 1340 uenum
1422 1268 1423 1285 ¹

344 1382 405 1449 hoc
423 1406 488 1454 sese
507 1384 707 1470 impeditum,
731 1380 853 1467 quoties
874 1400 911 1441 ex
926 1388 1065 1461 tempore
1084 1374 1337 1441 concionandum
1422 1322 1423 1407 l

346 1508 441 1575 esset,
472 1518 605 1584 eamque
627 1518 646 1561 e
679 1492 853 1581 praecipuis
873 1491 968 1555 luisse
991 1488 1104 1565 causis,
1129 1509 1188 1553 cur
1208 1487 1336 1553 mimeri

346 1630 403 1673 auo
422 1611 611 1674 renunciirit
622 1605 690 1696 (1)
730 1604 843 1670 Noouit
871 1602 932 1668 hoc
959 1602 1064 1667 reveri
1091 1600 1157 1684 ejus
1182 1601 1276 1687 stylo,
1299 1599 1334 1665 in

347 1741 441 1803 opere
452 1718 537 1804 quod
551 1727 738 1803 argumenta
754 1716 831 1780 adeo
842 1713 976 1789 diversa,
987 1734 1227 1800 nonnumquam
1235 1734 1334 1790 uota,

346 1829 640 1917 comprehenderet,
662 1829 779 1914 cuique
794 1826 934 1913 exempla
948 1849 985 1891 ex
999 1826 1126 1891 historiri
1143 1826 1335 1893 diversarum

346 1942 458 2011 mundi
476 1942 613 2028 partium
635 1953 666 2007 et
686 1964 704 2006 e
723 1938 891 2026 disciplinis
911 1939 1005 2026 longe
1022 1962 1040 2005 a
1056 1938 1189 2024 'politici
1205 1937 1333 2014 aunis,

348 2056 511 2122 inscrenda
529 2056 731 2121 arbitraretur
742 2053 801 2141 (2).
831 2051 962 2118 Facilior
982 2052 1076 2139 lunge
1095 2062 1126 2115 et
1144 2071 1245 2135 aequa
1263 2048 1335 2119 fluit

350 2166 463 2242 oratio,
479 2168 738 2251 quotiescumque
757 2185 872 2239 nuum,
887 2163 961 2229 licet
978 2184 1145 2250 magnum,
1162 2184 1334 2249 argumen-

348 2289 418 2342 tum
436 2278 477 2342 ab
495 2278 561 2341 aliis
578 2278 755 2361 sejunctum
772 2276 830 2341 sibi
851 2276 1008 2361 proponit,
1035 2277 1082 2341 uti
1098 2277 1133 2341 in
1149 2275 1336 2345 Considere-

348 2389 484 2455 tionibus
511 2389 550 2454 de
568 2389 702 2474 Imperio
722 2391 881 2466 Romano,
904 2390 1023 2454 ultimis
1040 2389 1127 2455 libris
1144 2389 1187 2455 dc
1203 2388 1334 2475 Ingenio

348 2503 468 2588 Legum
486 2512 546 2570 etc.
578 2500 631 2567 Sic
658 2501 786 2569 &muru
804 2501 937 2588 intelligi
960 2512 1077 2587 potest,
1100 2524 1157 2567 cnr
1171 2513 1217 2569 tot
1238 2520 1334 2571 ⁸11th

348 2614 471 2702 reliquo
490 2617 592 2703 operi,
615 2638 715 2680 unum
734 2615 828 2681 modo
848 2626 994 2681 semestre
1011 2614 1100 2679 libris
1115 2614 1177 2680 illis
1188 2614 1229 2681 de
1242 2614 1333 2683 tuti·

348 2729 413 2814 qui
432 2731 580 2795 Franciae
600 2730 725 2792 historiis
743 2729 941 2814 impenderit.

345 2816 353 2823 .
393 2841 538 2905 Secundo
567 2841 637 2902 loco
658 2844 848 2926 practicam
872 2839 982 2904 eximie
1008 2851 1074 2905 erat
1103 2858 1334 2918 uosnmousrn

301 3048 306 3056 „
348 2949 522 3034 ingenium.
554 2949 655 3013 Minus
678 2949 799 3014 scilieet
817 2951 1031 3016 delectabatur
1044 2952 1082 3016 iis
1101 2952 1227 3033 studiis,
1250 2973 1334 3038 quc-

348 3081 421 3125 rum
440 3060 474 3124 in
494 3062 589 3126 vitam
607 3062 762 3147 privatam
778 3074 833 3131 aut
850 3064 1012 3149 publicam
1028 3086 1094 3129 non
1111 3065 1214 3131 statim
1232 3065 1333 3132 heas-

380 3370 418 3434 (1)
436 3366 523 3434 Ba'ogr.
541 3372 614 3418 varie.
626 3368 709 3431 mx,
726 3369 848 3433 pagio&
867 3370 975 3419 &eleni
991 3378 1096 3418 meretur
1105 3371 1141 3418 Ε.
1152 3370 1178 3419 d.
1189 3368 1220 3420 L.
1230 3369 1292 3419 111.
1304 3371 1330 3434 1,

346 3458 390 3508 nbi
408 3460 497 3506 sineere
514 3474 569 3506 enm
586 3458 674 3506 lectore
692 3456 846 3506 confabulans
863 3470 1048 3514 soumourrrus
1077 3461 1111 3508 ait
1133 3477 1158 3509 se
1187 3463 1278 3525 vereri,
1302 3477 1331 3510 ae

349 3546 381 3596 ab
397 3563 445 3595 uuo
462 3555 600 3610 argumento
620 3548 646 3596 in
664 3545 734 3612 plura
752 3545 875 3612 divergit,
898 3550 1054 3616 maximopere
1073 3554 1149 3618 igitur
1166 3555 1272 3603 animum
1286 3552 1329 3603 ad-

348 3635 446 3686 tendere
461 3635 562 3701 debere,
580 3638 628 3686 imo
643 3639 725 3702 magia
741 3637 820 3687 ordini
837 3639 947 3707 studere,
966 3658 1035 3708 quan
1052 3653 1190 3708 argumento
1206 3631 1262 3711 ipsi.

380 3731 421 3801 (2)
445 3733 558 3795 Quamvis
575 3735 638 3782 euim
654 3734 793 3798 paucissima
815 3734 845 3784 de
866 3724 1031 3794 iourasourru
1055 3739 1193 3789 dueatioue
1217 3742 1327 3805 mann,

281 3862 282 3865 ,
346 3824 373 3875 id
390 3835 467 3876 tamen
479 3825 589 3891 adparet,
605 3841 660 3874 eum
684 3824 903 3894 jurisprudentiae,
920 3828 1049 3894 politicae,
1067 3829 1167 3879 elsssieis
1182 3831 1328 3893 auctoribus,

347 3927 373 3967 et
388 3919 492 3986 physicis
509 3919 656 3985 disciplinis,
673 3928 789 3986 quantum
806 3929 896 3984 posset,
913 3920 985 3972 simul
1001 3938 1096 3988 operam
1113 3924 1216 3973 aavlue
1251 3925 1329 3990 hey·
1422 3910 1423 3939 ³

345 4009 492 4076 clopaedieae
509 4014 623 4062 scientiae
640 4012 741 4079 cupidus
758 4022 818 4061 erat
853 4011 942 4062 Scribit
964 4029 1059 4082 quoque
1082 4017 1113 4064 L.
1133 4017 1163 4065 F
1184 4017 1216 4063 10
1238 4032 1263 4064 se
1279 4031 1328 4066 ma·
1422 4002 1423 4077 l

347 4101 407 4150 ximi
422 4101 499 4150 iacere
516 4103 646 4168 praesidem
665 4103 792 4170 quemdam
802 4106 890 4154 luatis
916 4105 1051 4155 Peaanlaui
1054 4105 1132 4173 (tut),
1159 4105 1223 4173 quod
1240 4116 1329 4171 praeter

348 4191 485 4258 disciplinas
495 4209 537 4242 suo
548 4195 641 4244 muneri
655 4199 795 4246 necessarias
806 4196 916 4261 plurimis
931 4198 993 4247 scitu
1009 4197 1088 4263 dignis
1104 4216 1155 4251 sese
1171 4199 1327 4266 adplicuisset.
