2892 5042
803 521 844 580 92

284 768 286 775 ,
334 702 431 767 nentia
452 709 590 762 veterum
612 698 745 760 fontium
756 742 766 773 ,
782 696 835 759 sed
857 694 968 779 juncti
986 694 1106 757 summi
1131 690 1316 778 prudentii,

333 831 434 895 quum
447 808 631 873 abhorreant
651 804 796 891 amythis
816 816 847 868 et
862 803 1019 869 miraculis
1037 800 1229 887 philosophi;
1254 803 1318 865 ele-
1350 796 1354 809 '

334 916 409 1005 g'ans
431 920 585 984 tactorum
611 916 760 996 narratio,
795 916 953 1015 doqtrinae
974 927 1005 980 et
1025 915 1164 989 criticae,
1187 913 1242 976 uhi
1264 934 1318 976 re-

335 1030 519 1116 quiruntur,
553 1050 640 1107 usus3
674 1028 728 1092 sed
749 1028 783 1091 in
804 1028 915 1092 talibus
941 1027 1016 1092 locis
1040 1047 1155 1112 magna
1179 1024 1317 1089 brevilo-

335 1140 480 1224 quentia,
499 1149 534 1203 ut
548 1139 670 1203 lectoris
687 1138 789 1204 taedio
807 1149 966 1225 parcatur3
984 1159 1076 1223 porro
1093 1136 1318 1201 ohservationes

333 1252 485 1336 plurimae
505 1252 638 1316 intextae
663 1251 702 1315 de
727 1251 865 1315 moribus
898 1250 1001 1335 deque
1021 1247 1167 1313 felicitate
1187 1246 1319 1331 populo-

334 1369 437 1427 rum.”
460 1398 505 1410 -—
536 1360 681 1425 Studium
701 1361 795 1425 etiam
815 1361 942 1425 consilia
960 1358 1055 1424 dandi
1084 1369 1114 1423 et
1134 1362 1319 1443 praecepta,

334 1473 433 1556 majus
449 1474 592 1538 minusve
608 1472 746 1537 cernitur
766 1493 824 1554 pro
837 1470 922 1535 vario
942 1470 1136 1555 singulorum
1152 1478 1319 1531 auctorum

333 1585 469 1671 ingenio.
520 1584 553 1648 Si
574 1585 669 1648 moris
690 1593 784 1660 esset,
819 1581 992 1657 historicos,
1026 1580 1072 1642 uti
1101 1575 1320 1664 philosophos,
1358 1588 1389 1599 ''

334 1692 509 1756 scholarum
528 1693 654 1755 nomine
668 1692 875 1776 distinguere,
899 1692 1082 1755 recentiores
1095 1689 1142 1753 illi
1152 1689 1209 1775 qui
1224 1710 1320 1772 prae-

334 1823 451 1865 cessere
471 1823 717 1879 uonrnsonrvro,
733 1799 846 1885 partim
868 1800 907 1865 ad
930 1802 1123 1878 classicam,
1145 1799 1259 1885 partim
1276 1798 1321 1862 ad

334 1913 532 1978 rhetoricam
556 1914 664 1977 referri
685 1912 802 1997 possint
816 1910 962 1988 scholam,
981 1912 1086 1996 prouti
1106 1911 1233 1991 Veteres
1248 1909 1319 1973 imi-

334 2026 392 2090 tari
417 2036 471 2089 aut
496 2022 655 2089 rhetoricis
680 2024 809 2088 floribus
835 2045 944 2089 ornare
965 2025 1173 2088 narrationem
1200 2022 1322 2096 malue-

334 2135 409 2211 rint;
434 2142 465 2196 a't
486 2156 566 2197 saec.
591 2138 657 2199 18⁰.
678 2133 781 2197 medio
792 2138 1046 2221 pragmaticam
1066 2135 1205 2199 floruisse
1229 2130 1319 2198 scho-

334 2243 398 2306 lam
416 2241 585 2307 dicendum
604 2243 691 2307 toret.
723 2243 861 2306 Eximius
877 2244 961 2307 inter
975 2244 1068 2308 hosce
1086 2255 1131 2309 est
1146 2265 1321 2321 cinnanos,

334 2375 398 2417 non
417 2353 564 2438 quoniam
576 2352 630 2418 hic
644 2352 711 2418 illic
731 2354 889 2419 ratiocinia
910 2355 1099 2421 exductoris
1114 2356 1152 2420 Ne
1170 2356 1320 2441 opusculo

335 2464 451 2528 adferat
473 2464 536 2551 (1),
560 2462 613 2528 sed
632 2466 781 2550 quoniam
801 2466 836 2529 in
855 2465 1043 2548 explicandis
1062 2465 1160 2530 causis
1175 2462 1324 2530 interittis

334 2575 380 2640 rei
397 2562 556 2641 Romanae
575 2576 653 2640 mire
680 2598 754 2639 cum
775 2597 813 2639 eo
836 2575 1023 2652 consentiat,
1054 2575 1117 2640 imo
1142 2576 1322 2660 complures

334 2690 395 2752 loci
414 2699 517 2773 aperte
540 2688 656 2752 lectum
685 2685 806 2750 assiduo
832 2707 1100 2763 uonrnsonrvrnu
1121 2686 1269 2769 prodant,
1290 2709 1318 2751 e.

335 2823 365 2884 g.
397 2800 584 2862 Hunnorum
603 2797 773 2877 descriptio
790 2782 942 2881 (quamvis
964 2796 1079 2858 centies
1101 2795 1191 2879 plura
1211 2797 1322 2860 conti·
1433 2814 1434 2837 t

335 2905 418 2992 neat)
447 2907 506 2993 (2).
537 2906 633 2969 Paulo
654 2904 773 2968 diversa
791 2904 891 2967 forma
910 2886 1119 2968 nonnnrsono
1141 2906 1264 2990 propria
1284 2909 1319 2969 in

334 3016 503 3101 majoribus
522 3015 675 3098 operibus.
703 3014 745 3077 At
764 3013 798 3075 in
813 3014 945 3099 Angliae
960 2997 1204 3101 historiographo
1215 3038 1322 3081 numo

335 3141 366 3193 et
379 3129 498 3214 ubique
517 3126 659 3212 perlucet
676 3124 868 3212 philosophia
887 3128 1052 3205 Francica,
1077 3139 1107 3192 et
1125 3127 1199 3192 hinc
1211 3151 1319 3192 exem·
1432 3210 1433 3219 ἵ

334 3240 386 3323 pla
406 3238 526 3303 duxisse
545 3236 716 3303 credendus
731 3236 795 3314 vir,
819 3238 875 3322 qui
890 3237 992 3302 cultae
1019 3236 1195 3302 Parisiensis
1212 3239 1320 3302 socie-

335 3351 404 3413 tatis
431 3349 550 3433 judicia
582 3347 688 3433 magni
721 3347 871 3423 faciebat,
908 3346 1045 3432 indeque
1079 3347 1320 3412 consolationem

336 3460 468 3539 aceepit,
490 3479 589 3541 quum
601 3459 634 3519 in
654 3458 752 3539 patrii
770 3457 949 3521 dehitalaus
967 3460 1133 3543 negaretur
1144 3457 1206 3546 (3).
1222 3460 1317 3536 Dein,

338 3588 433 3651 quam
455 3566 534 3643 dixi,
558 3566 708 3630 rationem
727 3565 901 3629 invenimus
919 3568 952 3630 in
972 3562 1093 3634 utem
1109 3570 1177 3652 jam
1192 3569 1321 3634 laudato

369 3878 407 3946 (l)
423 3880 529 3943 History
546 3878 578 3944 of
587 3881 630 3930 tha
646 3881 754 3953 Dectine
771 3883 823 3932 aad
842 3884 903 3932 Fatt
919 3891 964 3932 etc.
984 3884 1052 3949 ehap.
1069 3886 1125 3933 vlt.

369 3970 408 4036 (Β)
425 3969 462 4018 11).
481 3969 518 4022 ch.
536 3971 623 4037 XXVI,
642 3971 695 4021 coll.
717 3975 760 4021 Gr.
782 3982 809 4021 ot
823 3973 886 4022 Dte.
904 3973 941 4022 ch.
961 3977 1000 4028 19.

370 4056 408 4123 (3)
424 4060 568 4123 scrsosssn,
586 4063 624 4126 11,
641 4077 696 4127 pag.
716 4064 774 4111 4³⁰.
800 4065 858 4127 Life
873 4063 905 4129 of
923 4079 947 4113 o.
965 4079 1047 4127 uuus,
1071 4068 1171 4116 natos
1202 4067 1232 4129 ty
1254 4068 1323 4117 hm-

335 4146 392 4212 self
407 4164 494 4213 praem.
513 4150 589 4214 ejusd.
609 4154 675 4204 Hsst.
689 4152 721 4218 af
730 4156 850 4219 Enptond
861 4154 907 4219 (ed.
921 4156 1020 4205 Londini
1038 4155 1125 4221 1824).
