<?xml version="1.0" encoding="UTF-8"?>
<!DOCTYPE html PUBLIC "-//W3C//DTD XHTML 1.0 Transitional//EN"
    "http://www.w3.org/TR/xhtml1/DTD/xhtml1-transitional.dtd">
<html xmlns="http://www.w3.org/1999/xhtml" xml:lang="en" lang="en">
 <head>
  <title>
</title>
<meta http-equiv="Content-Type" content="text/html;charset=utf-8" />
  <meta name='ocr-system' content='tesseract 3.04.00' />
  <meta name='ocr-capabilities' content='ocr_page ocr_carea ocr_par ocr_line ocrx_word'/>
</head>
<body>
  <div class='ocr_page' id='page_1' title='image "./speciminisinaug00heemgoog_0097.png"; bbox 0 0 2892 5042; ppageno 0'>
   <div class='ocr_carea' id='block_1_1' title="bbox 585 482 669 590">
    <p class='ocr_par' dir='ltr' id='par_1_1' title="bbox 585 482 669 590">
     <span class='ocr_line' id='line_1_1' title="bbox 585 482 669 590; baseline 0.012 -1"><span class='ocrx_word' id='word_1_1' title='bbox 585 482 669 590; x_wconf 57' lang='grc' dir='ltr'><strong>75ἱ</strong></span> 
     </span>
    </p>
   </div>
   <div class='ocr_carea' id='block_1_2' title="bbox 58 702 1175 3038">
    <p class='ocr_par' dir='ltr' id='par_1_2' title="bbox 58 702 1175 3038">
     <span class='ocr_line' id='line_1_2' title="bbox 105 702 1102 797; baseline 0.007 -27"><span class='ocrx_word' id='word_1_2' title='bbox 105 706 358 792; x_wconf 78' lang='lat' dir='ltr'><strong>disqrnsitiones3</strong></span> <span class='ocrx_word' id='word_1_3' title='bbox 382 727 442 770; x_wconf 89' lang='lat' dir='ltr'><strong>nec</strong></span> <span class='ocrx_word' id='word_1_4' title='bbox 459 705 494 769; x_wconf 90' lang='lat' dir='ltr'><strong>in</strong></span> <span class='ocrx_word' id='word_1_5' title='bbox 515 706 698 795; x_wconf 75' lang='lat' dir='ltr'><strong>indagandis</strong></span> <span class='ocrx_word' id='word_1_6' title='bbox 717 702 817 774; x_wconf 83' lang='lat' dir='ltr'><strong>causis</strong></span> <span class='ocrx_word' id='word_1_7' title='bbox 835 731 890 774; x_wconf 88' lang='lat' dir='ltr'><strong>seu</strong></span> <span class='ocrx_word' id='word_1_8' title='bbox 911 715 1102 797; x_wconf 76' lang='lat' dir='ltr'><strong>pragmatica</strong></span> 
     </span>
     <span class='ocr_line' id='line_1_3' title="bbox 104 818 1102 907; baseline 0.002 -23"><span class='ocrx_word' id='word_1_9' title='bbox 104 818 260 897; x_wconf 75' lang='lat' dir='ltr'><strong>historio,</strong></span> <span class='ocrx_word' id='word_1_10' title='bbox 282 819 411 884; x_wconf 88' lang='lat' dir='ltr'><strong>ulterius</strong></span> <span class='ocrx_word' id='word_1_11' title='bbox 429 819 600 904; x_wconf 81' lang='lat' dir='ltr'>procedere</span> <span class='ocrx_word' id='word_1_12' title='bbox 620 841 715 906; x_wconf 89' lang='lat' dir='ltr'><strong>quam</strong></span> <span class='ocrx_word' id='word_1_13' title='bbox 736 831 877 886; x_wconf 74' lang='lat' dir='ltr'><strong>auctores</strong></span> <span class='ocrx_word' id='word_1_14' title='bbox 895 844 1031 907; x_wconf 91' lang='lat' dir='ltr'><strong>quorum</strong></span> <span class='ocrx_word' id='word_1_15' title='bbox 1051 825 1102 886; x_wconf 92' lang='lat' dir='ltr'><strong>lo-</strong></span> 
     </span>
     <span class='ocr_line' id='line_1_4' title="bbox 105 912 1129 1022; baseline 0.002 -24"><span class='ocrx_word' id='word_1_16' title='bbox 105 954 163 998; x_wconf 88' lang='lat' dir='ltr'><strong>cos</strong></span> <span class='ocrx_word' id='word_1_17' title='bbox 180 912 417 1010; x_wconf 86' lang='lat' dir='ltr'><strong>describebant,</strong></span> <span class='ocrx_word' id='word_1_18' title='bbox 440 934 508 999; x_wconf 89' lang='lat' dir='ltr'><strong>ausi</strong></span> <span class='ocrx_word' id='word_1_19' title='bbox 524 932 671 998; x_wconf 86' lang='lat' dir='ltr'><strong>videntur</strong></span> <span class='ocrx_word' id='word_1_20' title='bbox 686 934 734 998; x_wconf 88' lang='lat' dir='ltr'><strong>illi</strong></span> <span class='ocrx_word' id='word_1_21' title='bbox 747 933 804 997; x_wconf 85' lang='lat' dir='ltr'><strong>riri</strong></span> <span class='ocrx_word' id='word_1_22' title='bbox 823 934 924 1014; x_wconf 87' lang='lat' dir='ltr'><strong>docti;</strong></span> <span class='ocrx_word' id='word_1_23' title='bbox 946 934 1101 1022; x_wconf 70' lang='lat' dir='ltr'><strong>(lenique,</strong></span> <span class='ocrx_word' id='word_1_24' title='bbox 1126 986 1129 993; x_wconf 81' lang='grc'><strong>.</strong></span> 
     </span>
     <span class='ocr_line' id='line_1_5' title="bbox 104 1045 1102 1134; baseline 0.002 -25"><span class='ocrx_word' id='word_1_25' title='bbox 104 1045 199 1131; x_wconf 87' lang='lat' dir='ltr'><strong>quod</strong></span> <span class='ocrx_word' id='word_1_26' title='bbox 227 1046 399 1112; x_wconf 81' lang='lat' dir='ltr'><strong>maximum</strong></span> <span class='ocrx_word' id='word_1_27' title='bbox 427 1058 473 1111; x_wconf 89' lang='lat' dir='ltr'><strong>cst</strong></span> <span class='ocrx_word' id='word_1_28' title='bbox 498 1047 626 1124; x_wconf 83' lang='lat' dir='ltr'><strong>vitium,</strong></span> <span class='ocrx_word' id='word_1_29' title='bbox 656 1057 711 1111; x_wconf 86' lang='lat' dir='ltr'><strong>tot</strong></span> <span class='ocrx_word' id='word_1_30' title='bbox 725 1057 945 1134; x_wconf 87' lang='lat' dir='ltr'><strong>tantorumque</strong></span> <span class='ocrx_word' id='word_1_31' title='bbox 964 1049 1102 1114; x_wconf 80' lang='lat' dir='ltr'><strong>volumi-</strong></span> 
     </span>
     <span class='ocr_line' id='line_1_6' title="bbox 104 1157 1100 1248; baseline 0.003 -26"><span class='ocrx_word' id='word_1_32' title='bbox 104 1179 190 1222; x_wconf 86' lang='lat' dir='ltr'><strong>num</strong></span> <span class='ocrx_word' id='word_1_33' title='bbox 218 1158 354 1223; x_wconf 88' lang='lat' dir='ltr'><strong>taedium</strong></span> <span class='ocrx_word' id='word_1_34' title='bbox 384 1159 506 1224; x_wconf 87' lang='lat' dir='ltr'><strong>lectoris</strong></span> <span class='ocrx_word' id='word_1_35' title='bbox 531 1157 758 1244; x_wconf 73' lang='lat' dir='ltr'><strong>diligentissimi</strong></span> <span class='ocrx_word' id='word_1_36' title='bbox 785 1160 865 1223; x_wconf 76' lang='lat' dir='ltr'><strong>sires</strong></span> <span class='ocrx_word' id='word_1_37' title='bbox 893 1171 1018 1245; x_wconf 83' lang='lat' dir='ltr'><strong>superat</strong></span> <span class='ocrx_word' id='word_1_38' title='bbox 1040 1159 1053 1248; x_wconf 88' lang='lat'>(</span> <span class='ocrx_word' id='word_1_39' title='bbox 1074 1159 1100 1246; x_wconf 93' lang='lat'><strong>).</strong></span> 
     </span>
     <span class='ocr_line' id='line_1_7' title="bbox 103 1270 1103 1357; baseline 0.003 -24"><span class='ocrx_word' id='word_1_40' title='bbox 103 1270 220 1335; x_wconf 85' lang='lat' dir='ltr'><strong>Hocoe</strong></span> <span class='ocrx_word' id='word_1_41' title='bbox 238 1271 365 1357; x_wconf 88' lang='lat' dir='ltr'><strong>quidem</strong></span> <span class='ocrx_word' id='word_1_42' title='bbox 384 1272 460 1335; x_wconf 79' lang='lat' dir='ltr'><strong>vitio</strong></span> <span class='ocrx_word' id='word_1_43' title='bbox 482 1272 576 1357; x_wconf 86' lang='lat' dir='ltr'><strong>longe</strong></span> <span class='ocrx_word' id='word_1_44' title='bbox 595 1270 699 1335; x_wconf 87' lang='lat' dir='ltr'><strong>minos</strong></span> <span class='ocrx_word' id='word_1_45' title='bbox 723 1271 864 1337; x_wconf 88' lang='lat' dir='ltr'><strong>Francici</strong></span> <span class='ocrx_word' id='word_1_46' title='bbox 890 1293 996 1335; x_wconf 89' lang='lat' dir='ltr'><strong>rerum</strong></span> <span class='ocrx_word' id='word_1_47' title='bbox 1017 1271 1103 1336; x_wconf 91' lang='lat' dir='ltr'><strong>anti-</strong></span> 
     </span>
     <span class='ocr_line' id='line_1_8' title="bbox 107 1379 1102 1475; baseline 0.001 -31"><span class='ocrx_word' id='word_1_48' title='bbox 107 1400 250 1475; x_wconf 80' lang='lat' dir='ltr'><strong>quarum</strong></span> <span class='ocrx_word' id='word_1_49' title='bbox 278 1382 442 1467; x_wconf 81' lang='lat' dir='ltr'><strong>scriptores</strong></span> <span class='ocrx_word' id='word_1_50' title='bbox 469 1383 651 1448; x_wconf 77' lang='lat' dir='ltr'><strong>laborabant</strong></span> <span class='ocrx_word' id='word_1_51' title='bbox 674 1381 766 1447; x_wconf 90' lang='lat' dir='ltr'><strong>initio</strong></span> <span class='ocrx_word' id='word_1_52' title='bbox 794 1383 911 1448; x_wconf 86' lang='lat' dir='ltr'><strong>saeculi</strong></span> <span class='ocrx_word' id='word_1_53' title='bbox 940 1379 992 1448; x_wconf 73' lang='lat' dir='ltr'><strong>18i</strong></span> <span class='ocrx_word' id='word_1_54' title='bbox 1013 1381 1102 1446; x_wconf 69' lang='lat' dir='ltr'><strong>vsartis</strong></span> 
     </span>
     <span class='ocr_line' id='line_1_9' title="bbox 106 1492 1105 1579; baseline 0.002 -25"><span class='ocrx_word' id='word_1_55' title='bbox 106 1492 225 1571; x_wconf 83' lang='lat' dir='ltr'><strong>multi3</strong></span> <span class='ocrx_word' id='word_1_56' title='bbox 258 1504 289 1557; x_wconf 91' lang='lat' dir='ltr'><strong>at</strong></span> <span class='ocrx_word' id='word_1_57' title='bbox 315 1493 351 1556; x_wconf 91' lang='lat' dir='ltr'><strong>in</strong></span> <span class='ocrx_word' id='word_1_58' title='bbox 380 1516 481 1558; x_wconf 78' lang='lat' dir='ltr'><strong>orrum</strong></span> <span class='ocrx_word' id='word_1_59' title='bbox 510 1516 622 1577; x_wconf 88' lang='lat' dir='ltr'><strong>corpus</strong></span> <span class='ocrx_word' id='word_1_60' title='bbox 641 1494 785 1579; x_wconf 83' lang='lat' dir='ltr'><strong>redigere</strong></span> <span class='ocrx_word' id='word_1_61' title='bbox 812 1505 843 1558; x_wconf 87' lang='lat' dir='ltr'><strong>et</strong></span> <span class='ocrx_word' id='word_1_62' title='bbox 863 1505 1017 1579; x_wconf 89' lang='lat' dir='ltr'><strong>quantum</strong></span> <span class='ocrx_word' id='word_1_63' title='bbox 1035 1494 1105 1559; x_wconf 90' lang='lat' dir='ltr'><strong>fieri</strong></span> 
     </span>
     <span class='ocr_line' id='line_1_10' title="bbox 105 1605 1104 1691; baseline 0.001 -23"><span class='ocrx_word' id='word_1_64' title='bbox 105 1615 232 1688; x_wconf 88' lang='lat' dir='ltr'><strong>posset,</strong></span> <span class='ocrx_word' id='word_1_65' title='bbox 263 1605 347 1671; x_wconf 89' lang='lat' dir='ltr'><strong>inter</strong></span> <span class='ocrx_word' id='word_1_66' title='bbox 380 1629 412 1670; x_wconf 92' lang='lat' dir='ltr'><strong>se</strong></span> <span class='ocrx_word' id='word_1_67' title='bbox 447 1606 614 1671; x_wconf 90' lang='lat' dir='ltr'><strong>conciliare</strong></span> <span class='ocrx_word' id='word_1_68' title='bbox 642 1605 802 1691; x_wconf 83' lang='lat' dir='ltr'><strong>antiquos,</strong></span> <span class='ocrx_word' id='word_1_69' title='bbox 835 1627 994 1669; x_wconf 86' lang='lat' dir='ltr'><strong>summurn</strong></span> <span class='ocrx_word' id='word_1_70' title='bbox 1027 1616 1104 1669; x_wconf 87' lang='lat' dir='ltr'><strong>tunc</strong></span> 
     </span>
     <span class='ocr_line' id='line_1_11' title="bbox 105 1714 1152 1805; baseline 0.004 -26"><span class='ocrx_word' id='word_1_71' title='bbox 105 1714 208 1781; x_wconf 73' lang='lat' dir='ltr'><strong>fuine</strong></span> <span class='ocrx_word' id='word_1_72' title='bbox 229 1716 353 1782; x_wconf 84' lang='lat' dir='ltr'><strong>videtur</strong></span> <span class='ocrx_word' id='word_1_73' title='bbox 375 1719 578 1803; x_wconf 89' lang='lat' dir='ltr'><strong>propositum.</strong></span> <span class='ocrx_word' id='word_1_74' title='bbox 621 1718 669 1783; x_wconf 91' lang='lat' dir='ltr'><strong>lta</strong></span> <span class='ocrx_word' id='word_1_75' title='bbox 693 1717 803 1804; x_wconf 84' lang='lat' dir='ltr'><strong>negari</strong></span> <span class='ocrx_word' id='word_1_76' title='bbox 826 1718 937 1803; x_wconf 86' lang='lat' dir='ltr'><strong>nequit</strong></span> <span class='ocrx_word' id='word_1_77' title='bbox 958 1739 1103 1805; x_wconf 80' lang='lat' dir='ltr'><strong>pragma·</strong></span> <span class='ocrx_word' id='word_1_78' title='bbox 1143 1772 1152 1791; x_wconf 78' lang='grc'><strong><em>,</em></strong></span> 
     </span>
     <span class='ocr_line' id='line_1_12' title="bbox 58 1827 1175 1922; baseline -0.001 -28"><span class='ocrx_word' id='word_1_79' title='bbox 58 1900 66 1922; x_wconf 32' lang='lat'><em>2</em></span> <span class='ocrx_word' id='word_1_80' title='bbox 104 1827 192 1894; x_wconf 83' lang='lat' dir='ltr'><strong>tinae</strong></span> <span class='ocrx_word' id='word_1_81' title='bbox 222 1840 275 1893; x_wconf 88' lang='lat' dir='ltr'><strong>aut</strong></span> <span class='ocrx_word' id='word_1_82' title='bbox 308 1830 434 1896; x_wconf 87' lang='lat' dir='ltr'><strong>criticae</strong></span> <span class='ocrx_word' id='word_1_83' title='bbox 465 1828 610 1894; x_wconf 90' lang='lat' dir='ltr'><strong>historiae</strong></span> <span class='ocrx_word' id='word_1_84' title='bbox 636 1830 764 1917; x_wconf 78' lang='lat' dir='ltr'><strong>vestigia</strong></span> <span class='ocrx_word' id='word_1_85' title='bbox 797 1831 911 1895; x_wconf 79' lang='lat' dir='ltr'><strong>frustra</strong></span> <span class='ocrx_word' id='word_1_86' title='bbox 940 1831 1050 1916; x_wconf 88' lang='lat' dir='ltr'><strong>quaeri</strong></span> <span class='ocrx_word' id='word_1_87' title='bbox 1068 1830 1136 1893; x_wconf 55' lang='lat' dir='ltr'><strong>in*</strong></span> <span class='ocrx_word' id='word_1_88' title='bbox 1171 1843 1175 1847; x_wconf 88' lang='grc'><strong>’</strong></span> 
     </span>
     <span class='ocr_line' id='line_1_13' title="bbox 105 1939 1102 2028; baseline 0.001 -24"><span class='ocrx_word' id='word_1_89' title='bbox 105 1939 239 2005; x_wconf 72' lang='lat' dir='ltr'><strong>historia</strong></span> <span class='ocrx_word' id='word_1_90' title='bbox 259 1940 425 2005; x_wconf 76' lang='lat' dir='ltr'><strong>raniversali</strong></span> <span class='ocrx_word' id='word_1_91' title='bbox 445 1962 577 2004; x_wconf 81' lang='lat' dir='ltr'><strong>nonmnr</strong></span> <span class='ocrx_word' id='word_1_92' title='bbox 600 1939 710 2028; x_wconf 88' lang='lat' dir='ltr'><strong>(quae,</strong></span> <span class='ocrx_word' id='word_1_93' title='bbox 745 1942 819 2005; x_wconf 89' lang='lat' dir='ltr'><strong>licet</strong></span> <span class='ocrx_word' id='word_1_94' title='bbox 839 1944 892 2006; x_wconf 74' lang='lat' dir='ltr'><strong>A0.</strong></span> <span class='ocrx_word' id='word_1_95' title='bbox 914 1945 1001 2007; x_wconf 82' lang='lat'>1740</span> <span class='ocrx_word' id='word_1_96' title='bbox 1029 1964 1102 2024; x_wconf 93' lang='lat' dir='ltr'><strong>pro-</strong></span> 
     </span>
     <span class='ocr_line' id='line_1_14' title="bbox 106 2050 1103 2138; baseline 0.002 -22"><span class='ocrx_word' id='word_1_97' title='bbox 106 2050 205 2116; x_wconf 87' lang='lat' dir='ltr'><strong>dierit</strong></span> <span class='ocrx_word' id='word_1_98' title='bbox 223 2064 255 2117; x_wconf 89' lang='lat' dir='ltr'><strong>et</strong></span> <span class='ocrx_word' id='word_1_99' title='bbox 275 2053 459 2138; x_wconf 77' lang='lat' dir='ltr'><strong>elegantiori</strong></span> <span class='ocrx_word' id='word_1_100' title='bbox 475 2053 609 2117; x_wconf 83' lang='lat' dir='ltr'><strong>emineat</strong></span> <span class='ocrx_word' id='word_1_101' title='bbox 630 2052 723 2137; x_wconf 84' lang='lat' dir='ltr'><strong>stylo,</strong></span> <span class='ocrx_word' id='word_1_102' title='bbox 747 2052 785 2116; x_wconf 93' lang='lat' dir='ltr'><strong>ad</strong></span> <span class='ocrx_word' id='word_1_103' title='bbox 804 2052 1035 2137; x_wconf 79' lang='lat' dir='ltr'><strong>compilationes</strong></span> <span class='ocrx_word' id='word_1_104' title='bbox 1051 2063 1103 2118; x_wconf 89' lang='lat' dir='ltr'><strong>ta-</strong></span> 
     </span>
     <span class='ocr_line' id='line_1_15' title="bbox 107 2148 1155 2251; baseline 0.003 -23"><span class='ocrx_word' id='word_1_105' title='bbox 107 2148 189 2229; x_wconf 87' lang='lat' dir='ltr'><strong>men</strong></span> <span class='ocrx_word' id='word_1_106' title='bbox 210 2164 374 2229; x_wconf 88' lang='lat' dir='ltr'><strong>referenda</strong></span> <span class='ocrx_word' id='word_1_107' title='bbox 396 2161 453 2251; x_wconf 89' lang='lat' dir='ltr'><strong>est)</strong></span> <span class='ocrx_word' id='word_1_108' title='bbox 472 2176 528 2229; x_wconf 89' lang='lat' dir='ltr'><strong>aut</strong></span> <span class='ocrx_word' id='word_1_109' title='bbox 548 2164 582 2228; x_wconf 90' lang='lat' dir='ltr'><strong>in</strong></span> <span class='ocrx_word' id='word_1_110' title='bbox 596 2164 891 2243; x_wconf 75' lang='lat' dir='ltr'><strong>Romanaihiatorisl,</strong></span> <span class='ocrx_word' id='word_1_111' title='bbox 916 2154 1005 2250; x_wconf 81' lang='lat' dir='ltr'><strong>cujus</strong></span> <span class='ocrx_word' id='word_1_112' title='bbox 1021 2187 1102 2231; x_wconf 90' lang='lat' dir='ltr'><strong>auc·</strong></span> <span class='ocrx_word' id='word_1_113' title='bbox 1150 2158 1155 2169; x_wconf 19' lang='grc' dir='ltr'><strong>Χ</strong></span> 
     </span>
     <span class='ocr_line' id='line_1_16' title="bbox 107 2276 1101 2364; baseline 0.002 -25"><span class='ocrx_word' id='word_1_114' title='bbox 107 2287 195 2339; x_wconf 89' lang='lat' dir='ltr'><strong>tores</strong></span> <span class='ocrx_word' id='word_1_115' title='bbox 221 2298 250 2341; x_wconf 78' lang='lat' dir='ltr'><strong>r.</strong></span> <span class='ocrx_word' id='word_1_116' title='bbox 274 2299 302 2342; x_wconf 79' lang='lat' dir='ltr'><strong>a.</strong></span> <span class='ocrx_word' id='word_1_117' title='bbox 325 2298 455 2341; x_wconf 78' lang='lat' dir='ltr'><strong>mrnon</strong></span> <span class='ocrx_word' id='word_1_118' title='bbox 479 2287 510 2340; x_wconf 87' lang='lat' dir='ltr'><strong>et</strong></span> <span class='ocrx_word' id='word_1_119' title='bbox 532 2280 673 2343; x_wconf 72' lang='lat' dir='ltr'><strong>nonaum</strong></span> <span class='ocrx_word' id='word_1_120' title='bbox 692 2276 733 2364; x_wconf 88' lang='lat' dir='ltr'><strong>(a.</strong></span> <span class='ocrx_word' id='word_1_121' title='bbox 760 2281 857 2355; x_wconf 86' lang='grc'><strong>1731,</strong></span> <span class='ocrx_word' id='word_1_122' title='bbox 881 2277 1101 2361; x_wconf 73' lang='lat' dir='ltr'><strong>paucisamn</strong></span> 
     </span>
     <span class='ocr_line' id='line_1_17' title="bbox 107 2387 1099 2476; baseline 0 -22"><span class='ocrx_word' id='word_1_123' title='bbox 107 2400 185 2454; x_wconf 86' lang='lat' dir='ltr'><strong>ante</strong></span> <span class='ocrx_word' id='word_1_124' title='bbox 201 2409 434 2466; x_wconf 74' lang='lat' dir='ltr'><strong>nonrnsonrvrr</strong></span> <span class='ocrx_word' id='word_1_125' title='bbox 446 2387 739 2468; x_wconf 75' lang='lat' dir='ltr'><strong>Considerata&#39;onee</strong></span> <span class='ocrx_word' id='word_1_126' title='bbox 750 2400 809 2454; x_wconf 86' lang='lat' dir='ltr'><strong>etc.</strong></span> <span class='ocrx_word' id='word_1_127' title='bbox 832 2390 971 2475; x_wconf 78' lang='lat' dir='ltr'><strong>primum</strong></span> <span class='ocrx_word' id='word_1_128' title='bbox 991 2387 1099 2476; x_wconf 86' lang='lat' dir='ltr'><strong>editas)</strong></span> 
     </span>
     <span class='ocr_line' id='line_1_18' title="bbox 109 2500 1101 2587; baseline 0.001 -23"><span class='ocrx_word' id='word_1_129' title='bbox 109 2500 297 2587; x_wconf 78' lang='lat' dir='ltr'><strong>gloriantur,</strong></span> <span class='ocrx_word' id='word_1_130' title='bbox 317 2514 351 2564; x_wconf 79' lang='lat' dir='ltr'><strong>s&#39;e</strong></span> <span class='ocrx_word' id='word_1_131' title='bbox 372 2522 496 2564; x_wconf 91' lang='lat' dir='ltr'><strong>omnem</strong></span> <span class='ocrx_word' id='word_1_132' title='bbox 510 2500 675 2587; x_wconf 87' lang='lat' dir='ltr'><strong>cogitandi</strong></span> <span class='ocrx_word' id='word_1_133' title='bbox 687 2502 827 2565; x_wconf 85' lang='lat' dir='ltr'><strong>laborem</strong></span> <span class='ocrx_word' id='word_1_134' title='bbox 844 2501 1012 2567; x_wconf 86' lang='lat' dir='ltr'><strong>lectoribus</strong></span> <span class='ocrx_word' id='word_1_135' title='bbox 1021 2501 1101 2568; x_wconf 87' lang='lat' dir='ltr'><strong>ade-</strong></span> 
     </span>
     <span class='ocr_line' id='line_1_19' title="bbox 71 2606 1100 2698; baseline 0.002 -22"><span class='ocrx_word' id='word_1_136' title='bbox 71 2606 72 2609; x_wconf 48' lang='lat'>&#39;</span> <span class='ocrx_word' id='word_1_137' title='bbox 108 2612 220 2687; x_wconf 69' lang='lat' dir='ltr'><strong>mnae,</strong></span> <span class='ocrx_word' id='word_1_138' title='bbox 242 2612 358 2696; x_wconf 87' lang='lat' dir='ltr'><strong>quibus</strong></span> <span class='ocrx_word' id='word_1_139' title='bbox 382 2612 427 2675; x_wconf 90' lang='lat' dir='ltr'><strong>nil</strong></span> <span class='ocrx_word' id='word_1_140' title='bbox 447 2623 540 2679; x_wconf 86' lang='lat' dir='ltr'><strong>restet</strong></span> <span class='ocrx_word' id='word_1_141' title='bbox 563 2612 674 2696; x_wconf 84' lang='lat' dir='ltr'><strong>igitur,</strong></span> <span class='ocrx_word' id='word_1_142' title='bbox 702 2612 762 2674; x_wconf 87' lang='lat' dir='ltr'><strong>nisi</strong></span> <span class='ocrx_word' id='word_1_143' title='bbox 788 2624 824 2676; x_wconf 88' lang='lat' dir='ltr'><strong>ut</strong></span> <span class='ocrx_word' id='word_1_144' title='bbox 845 2615 982 2697; x_wconf 90' lang='lat' dir='ltr'><strong>ipsorum</strong></span> <span class='ocrx_word' id='word_1_145' title='bbox 1007 2615 1100 2698; x_wconf 73' lang='lat' dir='ltr'><strong>opera</strong></span> 
     </span>
     <span class='ocr_line' id='line_1_20' title="bbox 109 2721 1100 2809; baseline 0 -19"><span class='ocrx_word' id='word_1_146' title='bbox 109 2725 269 2790; x_wconf 77' lang='lat' dir='ltr'><strong>fruamur.</strong></span> <span class='ocrx_word' id='word_1_147' title='bbox 301 2722 395 2787; x_wconf 76' lang='lat' dir='ltr'><strong>atiud</strong></span> <span class='ocrx_word' id='word_1_148' title='bbox 411 2724 504 2808; x_wconf 86' lang='lat' dir='ltr'><strong>plane</strong></span> <span class='ocrx_word' id='word_1_149' title='bbox 521 2721 685 2788; x_wconf 90' lang='lat' dir='ltr'><strong>consilium</strong></span> <span class='ocrx_word' id='word_1_150' title='bbox 703 2721 827 2806; x_wconf 85' lang='lat' dir='ltr'><strong>prodit,</strong></span> <span class='ocrx_word' id='word_1_151' title='bbox 852 2724 937 2809; x_wconf 87' lang='lat' dir='ltr'><strong>quod</strong></span> <span class='ocrx_word' id='word_1_152' title='bbox 958 2746 1100 2790; x_wconf 72' lang='lat' dir='ltr'><strong>nonrm-</strong></span> 
     </span>
     <span class='ocr_line' id='line_1_21' title="bbox 110 2835 1104 2924; baseline 0.001 -22"><span class='ocrx_word' id='word_1_153' title='bbox 110 2858 222 2915; x_wconf 79' lang='lat' dir='ltr'><strong>ocrrrr</strong></span> <span class='ocrx_word' id='word_1_154' title='bbox 245 2858 340 2923; x_wconf 83' lang='lat' dir='ltr'><strong>supra</strong></span> <span class='ocrx_word' id='word_1_155' title='bbox 365 2835 527 2901; x_wconf 80' lang='lat' dir='ltr'><strong>citavimus</strong></span> <span class='ocrx_word' id='word_1_156' title='bbox 548 2835 684 2902; x_wconf 86' lang='lat' dir='ltr'><strong>dictum:</strong></span> <span class='ocrx_word' id='word_1_157' title='bbox 710 2836 799 2900; x_wconf 90' lang='lat' dir='ltr'><strong>»Non</strong></span> <span class='ocrx_word' id='word_1_158' title='bbox 819 2835 852 2900; x_wconf 92' lang='lat' dir='ltr'><strong>id</strong></span> <span class='ocrx_word' id='word_1_159' title='bbox 869 2837 1045 2924; x_wconf 84' lang='lat' dir='ltr'><strong>agendum,</strong></span> <span class='ocrx_word' id='word_1_160' title='bbox 1067 2850 1104 2903; x_wconf 89' lang='lat' dir='ltr'><strong>ut</strong></span> 
     </span>
     <span class='ocr_line' id='line_1_22' title="bbox 110 2948 1101 3038; baseline 0 -22"><span class='ocrx_word' id='word_1_161' title='bbox 110 2971 211 3035; x_wconf 87' lang='lat' dir='ltr'><strong>quam</strong></span> <span class='ocrx_word' id='word_1_162' title='bbox 227 2950 362 3034; x_wconf 86' lang='lat' dir='ltr'><strong>plurima</strong></span> <span class='ocrx_word' id='word_1_163' title='bbox 380 2950 526 3035; x_wconf 80' lang='lat' dir='ltr'><strong>legantur</strong></span> <span class='ocrx_word' id='word_1_164' title='bbox 545 2949 597 3013; x_wconf 91' lang='lat' dir='ltr'><strong>sed</strong></span> <span class='ocrx_word' id='word_1_165' title='bbox 619 2960 654 3013; x_wconf 86' lang='lat' dir='ltr'><strong>ut</strong></span> <span class='ocrx_word' id='word_1_166' title='bbox 672 2948 847 3035; x_wconf 80' lang='lat' dir='ltr'><strong>cogitetur”</strong></span> <span class='ocrx_word' id='word_1_167' title='bbox 859 2949 915 3038; x_wconf 88' lang='lat'><strong>(2)</strong></span> <span class='ocrx_word' id='word_1_168' title='bbox 950 2953 1045 3016; x_wconf 88' lang='lat' dir='ltr'><strong>Porro</strong></span> <span class='ocrx_word' id='word_1_169' title='bbox 1066 2951 1101 3016; x_wconf 91' lang='lat' dir='ltr'><strong>in</strong></span> 
     </span>
    </p>
   </div>
   <div class='ocr_carea' id='block_1_3' title="bbox 109 3236 1101 3517">
    <p class='ocr_par' dir='ltr' id='par_1_3' title="bbox 109 3236 1101 3517">
     <span class='ocr_line' id='line_1_23' title="bbox 146 3236 1101 3334; baseline -0.003 -18"><span class='ocrx_word' id='word_1_170' title='bbox 146 3266 252 3334; x_wconf 64' lang='lat' dir='ltr'><strong>(lllst</strong></span> <span class='ocrx_word' id='word_1_171' title='bbox 268 3266 329 3315; x_wconf 83' lang='lat' dir='ltr'><strong>illud</strong></span> <span class='ocrx_word' id='word_1_172' title='bbox 347 3266 417 3314; x_wconf 85' lang='lat' dir='ltr'><strong>hocce</strong></span> <span class='ocrx_word' id='word_1_173' title='bbox 433 3236 505 3330; x_wconf 68' lang='lat' dir='ltr'><strong>opoi,</strong></span> <span class='ocrx_word' id='word_1_174' title='bbox 523 3265 587 3331; x_wconf 75' lang='lat' dir='ltr'><strong>quod</strong></span> <span class='ocrx_word' id='word_1_175' title='bbox 604 3265 698 3329; x_wconf 85' lang='lat' dir='ltr'><strong>Belgice</strong></span> <span class='ocrx_word' id='word_1_176' title='bbox 718 3267 794 3312; x_wconf 80' lang='lat' dir='ltr'><strong>vertit</strong></span> <span class='ocrx_word' id='word_1_177' title='bbox 813 3276 836 3312; x_wconf 87' lang='lat' dir='ltr'><strong>o.</strong></span> <span class='ocrx_word' id='word_1_178' title='bbox 854 3277 1027 3327; x_wconf 77' lang='lat' dir='ltr'><strong>wmrnnaso,</strong></span> <span class='ocrx_word' id='word_1_179' title='bbox 1045 3267 1101 3313; x_wconf 77' lang='lat' dir='ltr'><strong>Am·</strong></span> 
     </span>
     <span class='ocr_line' id='line_1_24' title="bbox 110 3344 1101 3424; baseline -0.001 -18"><span class='ocrx_word' id='word_1_180' title='bbox 110 3358 238 3408; x_wconf 82' lang='lat' dir='ltr'><strong>stelodami</strong></span> <span class='ocrx_word' id='word_1_181' title='bbox 250 3359 319 3407; x_wconf 74' lang='grc'><strong>1736</strong></span> <span class='ocrx_word' id='word_1_182' title='bbox 337 3373 390 3424; x_wconf 89' lang='lat' dir='ltr'><strong>sqq.</strong></span> <span class='ocrx_word' id='word_1_183' title='bbox 410 3358 463 3405; x_wconf 78' lang='lat' dir='ltr'><strong>XlX</strong></span> <span class='ocrx_word' id='word_1_184' title='bbox 473 3355 521 3404; x_wconf 84' lang='lat' dir='ltr'><strong>rol.</strong></span> <span class='ocrx_word' id='word_1_185' title='bbox 538 3357 564 3404; x_wconf 89' lang='lat' dir='ltr'><strong>in</strong></span> <span class='ocrx_word' id='word_1_186' title='bbox 576 3344 612 3404; x_wconf 56' lang='lat'><strong>43.</strong></span> <span class='ocrx_word' id='word_1_187' title='bbox 628 3354 734 3403; x_wconf 83' lang='lat' dir='ltr'><strong>Primum</strong></span> <span class='ocrx_word' id='word_1_188' title='bbox 751 3356 803 3418; x_wconf 84' lang='lat' dir='ltr'><strong>ejus</strong></span> <span class='ocrx_word' id='word_1_189' title='bbox 820 3355 913 3418; x_wconf 88' lang='lat' dir='ltr'><strong>generis</strong></span> <span class='ocrx_word' id='word_1_190' title='bbox 931 3354 1017 3416; x_wconf 78' lang='lat' dir='ltr'><strong>fnisse,</strong></span> <span class='ocrx_word' id='word_1_191' title='bbox 1037 3358 1101 3405; x_wconf 89' lang='lat' dir='ltr'><strong>cerni</strong></span> 
     </span>
     <span class='ocr_line' id='line_1_25' title="bbox 109 3444 726 3517; baseline -0.008 -18"><span class='ocrx_word' id='word_1_192' title='bbox 109 3444 194 3516; x_wconf 84' lang='lat' dir='ltr'><strong>potest</strong></span> <span class='ocrx_word' id='word_1_193' title='bbox 216 3468 245 3499; x_wconf 83' lang='lat' dir='ltr'><strong>ex</strong></span> <span class='ocrx_word' id='word_1_194' title='bbox 260 3449 405 3517; x_wconf 84' lang='lat' dir='ltr'><strong>praelatione</strong></span> <span class='ocrx_word' id='word_1_195' title='bbox 427 3447 581 3513; x_wconf 75' lang='lat' dir='ltr'><strong>Anglicorum</strong></span> <span class='ocrx_word' id='word_1_196' title='bbox 600 3446 726 3496; x_wconf 80' lang='lat' dir='ltr'><strong>editorum.</strong></span> 
     </span>
    </p>
   </div>
   <div class='ocr_carea' id='block_1_4' title="bbox 146 3512 1274 3610">
    <p class='ocr_par' dir='ltr' id='par_1_4' title="bbox 146 3512 1274 3610">
     <span class='ocr_line' id='line_1_26' title="bbox 146 3512 1274 3610; baseline -0.004 -19"><span class='ocrx_word' id='word_1_197' title='bbox 146 3540 187 3610; x_wconf 64' lang='lat'><strong>(2)</strong></span> <span class='ocrx_word' id='word_1_198' title='bbox 210 3544 248 3592; x_wconf 79' lang='grc'><strong>(11.</strong></span> <span class='ocrx_word' id='word_1_199' title='bbox 268 3542 341 3593; x_wconf 73' lang='lat' dir='ltr'><strong>Hier.</strong></span> <span class='ocrx_word' id='word_1_200' title='bbox 361 3543 433 3591; x_wconf 83' lang='lat' dir='ltr'><strong>Rom.</strong></span> <span class='ocrx_word' id='word_1_201' title='bbox 446 3557 498 3609; x_wconf 82' lang='lat' dir='ltr'><strong>por</strong></span> <span class='ocrx_word' id='word_1_202' title='bbox 515 3541 552 3589; x_wconf 83' lang='lat' dir='ltr'><strong>tar</strong></span> <span class='ocrx_word' id='word_1_203' title='bbox 576 3540 634 3589; x_wconf 81' lang='lat' dir='ltr'><strong>nn.</strong></span> <span class='ocrx_word' id='word_1_204' title='bbox 652 3539 709 3588; x_wconf 85' lang='lat' dir='ltr'><strong>PP.</strong></span> <span class='ocrx_word' id='word_1_205' title='bbox 738 3548 828 3584; x_wconf 77' lang='lat' dir='ltr'><strong>camon</strong></span> <span class='ocrx_word' id='word_1_206' title='bbox 852 3544 879 3586; x_wconf 86' lang='lat' dir='ltr'><strong>et</strong></span> <span class='ocrx_word' id='word_1_207' title='bbox 905 3535 998 3585; x_wconf 73' lang='lat' dir='ltr'><strong>nonensi</strong></span> <span class='ocrx_word' id='word_1_208' title='bbox 1021 3539 1052 3587; x_wconf 78' lang='lat' dir='ltr'><strong>de</strong></span> <span class='ocrx_word' id='word_1_209' title='bbox 1074 3542 1101 3587; x_wconf 83' lang='lat' dir='ltr'><strong>ta</strong></span> <span class='ocrx_word' id='word_1_210' title='bbox 1203 3548 1208 3559; x_wconf 71' lang='lat'><strong>⁴</strong></span> <span class='ocrx_word' id='word_1_211' title='bbox 1240 3540 1246 3551; x_wconf 91' lang='grc'><strong>’</strong></span> <span class='ocrx_word' id='word_1_212' title='bbox 1271 3512 1274 3521; x_wconf 90' lang='lat'><strong>.</strong></span> 
     </span>
    </p>
   </div>
   <div class='ocr_carea' id='block_1_5' title="bbox 112 3626 1103 3795">
    <p class='ocr_par' dir='ltr' id='par_1_5' title="bbox 112 3626 1103 3795">
     <span class='ocr_line' id='line_1_27' title="bbox 113 3626 1103 3703; baseline -0.009 -15"><span class='ocrx_word' id='word_1_213' title='bbox 113 3639 157 3688; x_wconf 67' lang='lat'><strong>0⁶·</strong></span> <span class='ocrx_word' id='word_1_214' title='bbox 184 3626 226 3685; x_wconf 77' lang='lat' dir='ltr'><strong>de</strong></span> <span class='ocrx_word' id='word_1_215' title='bbox 237 3647 301 3683; x_wconf 77' lang='lat' dir='ltr'><strong>assos</strong></span> <span class='ocrx_word' id='word_1_216' title='bbox 322 3635 398 3703; x_wconf 77' lang='lat' dir='ltr'><strong>(Paris</strong></span> <span class='ocrx_word' id='word_1_217' title='bbox 414 3632 494 3700; x_wconf 79' lang='grc'><strong>1731)</strong></span> <span class='ocrx_word' id='word_1_218' title='bbox 510 3633 604 3699; x_wconf 73' lang='lat' dir='ltr'><strong>prelata</strong></span> <span class='ocrx_word' id='word_1_219' title='bbox 621 3646 677 3698; x_wconf 93' lang='lat' dir='ltr'><strong>pag.</strong></span> <span class='ocrx_word' id='word_1_220' title='bbox 694 3643 740 3679; x_wconf 83' lang='lat' dir='ltr'><strong>vu.</strong></span> <span class='ocrx_word' id='word_1_221' title='bbox 765 3627 812 3680; x_wconf 79' lang='lat' dir='ltr'><strong>nbi</strong></span> <span class='ocrx_word' id='word_1_222' title='bbox 829 3628 857 3679; x_wconf 84' lang='lat' dir='ltr'><strong>da</strong></span> <span class='ocrx_word' id='word_1_223' title='bbox 872 3628 1004 3680; x_wconf 71' lang='lat' dir='ltr'><strong>ioeidaratt</strong></span> <span class='ocrx_word' id='word_1_224' title='bbox 1021 3631 1103 3680; x_wconf 82' lang='lat' dir='ltr'><strong>eritict</strong></span> 
     </span>
     <span class='ocr_line' id='line_1_28' title="bbox 112 3722 1102 3795; baseline -0.01 -16"><span class='ocrx_word' id='word_1_225' title='bbox 112 3739 165 3779; x_wconf 86' lang='lat' dir='ltr'><strong>arte</strong></span> <span class='ocrx_word' id='word_1_226' title='bbox 190 3744 262 3795; x_wconf 85' lang='lat' dir='ltr'><strong>penes</strong></span> <span class='ocrx_word' id='word_1_227' title='bbox 285 3730 337 3793; x_wconf 80' lang='lat' dir='ltr'><strong>ejus</strong></span> <span class='ocrx_word' id='word_1_228' title='bbox 353 3729 465 3793; x_wconf 86' lang='lat' dir='ltr'><strong>temporis</strong></span> <span class='ocrx_word' id='word_1_229' title='bbox 482 3727 608 3792; x_wconf 81' lang='lat' dir='ltr'><strong>scriptores</strong></span> <span class='ocrx_word' id='word_1_230' title='bbox 625 3734 722 3793; x_wconf 86' lang='lat' dir='ltr'><strong>questus</strong></span> <span class='ocrx_word' id='word_1_231' title='bbox 740 3739 805 3785; x_wconf 88' lang='lat' dir='ltr'><strong>sum,</strong></span> <span class='ocrx_word' id='word_1_232' title='bbox 829 3738 855 3771; x_wconf 85' lang='lat' dir='ltr'><strong>ea</strong></span> <span class='ocrx_word' id='word_1_233' title='bbox 876 3725 969 3772; x_wconf 77' lang='lat' dir='ltr'><strong>tantum</strong></span> <span class='ocrx_word' id='word_1_234' title='bbox 990 3722 1102 3786; x_wconf 79' lang='lat' dir='ltr'><strong>intelligo</strong></span> 
     </span>
    </p>
   </div>
   <div class='ocr_carea' id='block_1_6' title="bbox 113 3810 1190 3886">
    <p class='ocr_par' dir='ltr' id='par_1_6' title="bbox 113 3810 1190 3886">
     <span class='ocr_line' id='line_1_29' title="bbox 113 3810 1190 3886; baseline -0.011 -16"><span class='ocrx_word' id='word_1_235' title='bbox 113 3819 227 3870; x_wconf 80' lang='lat' dir='ltr'><strong>historica</strong></span> <span class='ocrx_word' id='word_1_236' title='bbox 251 3835 333 3886; x_wconf 83' lang='lat' dir='ltr'><strong>opera,</strong></span> <span class='ocrx_word' id='word_1_237' title='bbox 363 3819 469 3884; x_wconf 86' lang='lat' dir='ltr'><strong>quaein</strong></span> <span class='ocrx_word' id='word_1_238' title='bbox 496 3818 601 3867; x_wconf 87' lang='lat' dir='ltr'><strong>omnium</strong></span> <span class='ocrx_word' id='word_1_239' title='bbox 618 3832 685 3866; x_wconf 85' lang='lat' dir='ltr'><strong>nsum</strong></span> <span class='ocrx_word' id='word_1_240' title='bbox 704 3812 920 3864; x_wconf 83' lang='lat' dir='ltr'><strong>conscribebantur.</strong></span> <span class='ocrx_word' id='word_1_241' title='bbox 951 3812 1004 3861; x_wconf 75' lang='lat' dir='ltr'><strong>viri</strong></span> <span class='ocrx_word' id='word_1_242' title='bbox 1021 3811 1101 3877; x_wconf 80' lang='lat' dir='ltr'><strong>docti,</strong></span> <span class='ocrx_word' id='word_1_243' title='bbox 1142 3870 1147 3877; x_wconf 51' lang='lat'><strong>.</strong></span> <span class='ocrx_word' id='word_1_244' title='bbox 1186 3810 1190 3815; x_wconf 82' lang='grc'><strong>’</strong></span> 
     </span>
    </p>
   </div>
   <div class='ocr_carea' id='block_1_7' title="bbox 115 3903 1102 4251">
    <p class='ocr_par' dir='ltr' id='par_1_7' title="bbox 115 3903 1102 4251">
     <span class='ocr_line' id='line_1_30' title="bbox 115 3903 1102 3978; baseline -0.01 -17"><span class='ocrx_word' id='word_1_245' title='bbox 115 3914 157 3978; x_wconf 86' lang='lat' dir='ltr'><strong>qui</strong></span> <span class='ocrx_word' id='word_1_246' title='bbox 184 3911 296 3961; x_wconf 83' lang='lat' dir='ltr'><strong>historiae</strong></span> <span class='ocrx_word' id='word_1_247' title='bbox 312 3912 428 3962; x_wconf 80' lang='lat' dir='ltr'><strong>Romanae</strong></span> <span class='ocrx_word' id='word_1_248' title='bbox 443 3910 616 3974; x_wconf 83' lang='lat' dir='ltr'><strong>incubuerant,</strong></span> <span class='ocrx_word' id='word_1_249' title='bbox 645 3907 714 3971; x_wconf 85' lang='lat' dir='ltr'><strong>longa</strong></span> <span class='ocrx_word' id='word_1_250' title='bbox 729 3908 781 3970; x_wconf 88' lang='lat' dir='ltr'><strong>jam</strong></span> <span class='ocrx_word' id='word_1_251' title='bbox 797 3913 864 3954; x_wconf 88' lang='lat' dir='ltr'><strong>erant</strong></span> <span class='ocrx_word' id='word_1_252' title='bbox 882 3903 1015 3968; x_wconf 79' lang='lat' dir='ltr'><strong>progressi,</strong></span> <span class='ocrx_word' id='word_1_253' title='bbox 1033 3919 1102 3952; x_wconf 82' lang='lat' dir='ltr'><strong>exco-</strong></span> 
     </span>
     <span class='ocr_line' id='line_1_31' title="bbox 115 3992 1101 4061; baseline -0.008 -10"><span class='ocrx_word' id='word_1_254' title='bbox 115 4002 186 4052; x_wconf 77' lang='lat' dir='ltr'><strong>lendi</strong></span> <span class='ocrx_word' id='word_1_255' title='bbox 205 4013 257 4053; x_wconf 86' lang='lat' dir='ltr'><strong>arte</strong></span> <span class='ocrx_word' id='word_1_256' title='bbox 272 4020 320 4052; x_wconf 90' lang='lat' dir='ltr'><strong>non</strong></span> <span class='ocrx_word' id='word_1_257' title='bbox 335 4001 411 4050; x_wconf 79' lang='lat' dir='ltr'><strong>solum</strong></span> <span class='ocrx_word' id='word_1_258' title='bbox 431 4001 510 4050; x_wconf 75' lang='lat' dir='ltr'><strong>critico</strong></span> <span class='ocrx_word' id='word_1_259' title='bbox 530 3999 559 4049; x_wconf 83' lang='lat' dir='ltr'><strong>ad</strong></span> <span class='ocrx_word' id='word_1_260' title='bbox 578 4000 637 4048; x_wconf 87' lang='lat' dir='ltr'><strong>bene</strong></span> <span class='ocrx_word' id='word_1_261' title='bbox 658 3994 826 4059; x_wconf 84' lang='lat' dir='ltr'><strong>intelligendos</strong></span> <span class='ocrx_word' id='word_1_262' title='bbox 848 3995 937 4054; x_wconf 81' lang='lat' dir='ltr'><strong>sontes,</strong></span> <span class='ocrx_word' id='word_1_263' title='bbox 956 3992 996 4042; x_wconf 86' lang='lat' dir='ltr'><strong>sed</strong></span> <span class='ocrx_word' id='word_1_264' title='bbox 1012 3992 1101 4061; x_wconf 80' lang='lat' dir='ltr'><strong>hyper-</strong></span> 
     </span>
     <span class='ocr_line' id='line_1_32' title="bbox 117 4086 1101 4158; baseline -0.004 -17"><span class='ocrx_word' id='word_1_265' title='bbox 117 4092 201 4144; x_wconf 69' lang='lat' dir='ltr'><strong>critici</strong></span> <span class='ocrx_word' id='word_1_266' title='bbox 213 4095 293 4158; x_wconf 76' lang='lat' dir='ltr'><strong>etiam,</strong></span> <span class='ocrx_word' id='word_1_267' title='bbox 311 4103 340 4142; x_wconf 90' lang='lat' dir='ltr'><strong>ut</strong></span> <span class='ocrx_word' id='word_1_268' title='bbox 359 4092 388 4142; x_wconf 87' lang='lat' dir='ltr'><strong>de</strong></span> <span class='ocrx_word' id='word_1_269' title='bbox 407 4091 453 4141; x_wconf 84' lang='lat' dir='ltr'><strong>fide</strong></span> <span class='ocrx_word' id='word_1_270' title='bbox 470 4093 517 4157; x_wconf 74' lang='lat' dir='ltr'><strong>qut</strong></span> <span class='ocrx_word' id='word_1_271' title='bbox 533 4099 624 4139; x_wconf 79' lang='lat' dir='ltr'><strong>veteres</strong></span> <span class='ocrx_word' id='word_1_272' title='bbox 641 4087 818 4152; x_wconf 66' lang='lat' dir='ltr'><strong>dignement,</strong></span> <span class='ocrx_word' id='word_1_273' title='bbox 835 4095 997 4154; x_wconf 82' lang='lat' dir='ltr'><strong>quaereretur.</strong></span> <span class='ocrx_word' id='word_1_274' title='bbox 1032 4086 1101 4138; x_wconf 81' lang='lat' dir='ltr'><strong>Patet</strong></span> 
     </span>
     <span class='ocr_line' id='line_1_33' title="bbox 117 4177 1101 4251; baseline -0.006 -16"><span class='ocrx_word' id='word_1_275' title='bbox 117 4186 161 4236; x_wconf 78' lang='lat' dir='ltr'><strong>loc</strong></span> <span class='ocrx_word' id='word_1_276' title='bbox 186 4203 215 4235; x_wconf 85' lang='lat' dir='ltr'><strong>ex</strong></span> <span class='ocrx_word' id='word_1_277' title='bbox 233 4202 273 4251; x_wconf 90' lang='lat' dir='ltr'><strong>op.</strong></span> <span class='ocrx_word' id='word_1_278' title='bbox 291 4186 335 4235; x_wconf 84' lang='lat' dir='ltr'><strong>rit.</strong></span> <span class='ocrx_word' id='word_1_279' title='bbox 352 4184 425 4250; x_wconf 85' lang='lat' dir='ltr'><strong>prael.</strong></span> <span class='ocrx_word' id='word_1_280' title='bbox 444 4198 497 4249; x_wconf 84' lang='lat' dir='ltr'><strong>pag.</strong></span> <span class='ocrx_word' id='word_1_281' title='bbox 517 4195 578 4231; x_wconf 83' lang='lat' dir='ltr'><strong>xrru</strong></span> <span class='ocrx_word' id='word_1_282' title='bbox 597 4197 644 4249; x_wconf 62' lang='lat' dir='ltr'><strong>sq„</strong></span> <span class='ocrx_word' id='word_1_283' title='bbox 667 4177 710 4230; x_wconf 82' lang='lat' dir='ltr'><strong>ubi</strong></span> <span class='ocrx_word' id='word_1_284' title='bbox 732 4180 796 4229; x_wconf 77' lang='lat' dir='ltr'><strong>naria</strong></span> <span class='ocrx_word' id='word_1_285' title='bbox 820 4188 956 4245; x_wconf 81' lang='lat' dir='ltr'><strong>argumenta</strong></span> <span class='ocrx_word' id='word_1_286' title='bbox 982 4178 1101 4233; x_wconf 73' lang='lat' dir='ltr'><strong>refellan-</strong></span> 
     </span>
    </p>
   </div>
   <div class='ocr_carea' id='block_1_8' title="bbox 0 0 1456 5042">
    <p class='ocr_par' dir='ltr' id='par_1_8' title="bbox 0 0 1456 5042">
     <span class='ocr_line' id='line_1_34' title="bbox 0 0 1456 5042; baseline 0 0"><span class='ocrx_word' id='word_1_287' title='bbox 0 0 1456 5042; x_wconf 95' lang='lat' dir='ltr'><strong> </strong></span> 
     </span>
    </p>
   </div>
  </div>
 </body>
</html>
