2892 5042
598 493 640 553 79

165 676 214 736 3⁰.
254 671 351 752 Quod
374 670 518 736 laudibus
539 672 645 735 reveri
665 670 770 735 etierri
791 684 962 739 mereretur
976 677 1115 763 -dnglioa

115 785 309 849 constitutio
325 807 420 871 supra
440 786 542 851 omnia
567 784 688 871 reliqua
704 788 846 872 Europae
863 790 1014 874 regimina
1032 814 1110 857 saec.
1134 805 1138 812 “

102 917 224 980 pram.
258 897 327 962 Hoc
349 917 449 982 quum
468 899 588 981 primns
604 920 641 962 ex
666 898 802 981 politicis
819 899 1019 985 scriptoribus
1037 925 1112 967 ocn-

115 1011 251 1074 tinentis
279 1011 422 1096 Europae
451 1011 563 1075 viderit
590 1011 708 1076 Auctor
731 1013 781 1087 N,
805 1011 891 1077 haud
908 1015 1025 1078 mirum
1047 1027 1108 1091 est,
1212 1041 1218 1044 ⁷

113 1123 166 1188 rix
187 1145 268 1187 eum
290 1123 465 1188 observasse
487 1123 644 1200 maculas,
669 1124 784 1208 quibus
805 1123 858 1190 hic
875 1125 941 1191 illio
963 1113 1109 1213 munina·

114 1246 206 1299 retur
229 1232 292 1322 (t)
1180 1309 1185 1317 1

159 1351 312 1434 Namque
338 1348 431 1427 vidit,
466 1360 659 1435 quantopere
690 1352 949 1434 repraesentativa
966 1352 1021 1417 itta
1039 1371 1112 1422 moe

113 1453 269 1525 narchiae
300 1461 401 1526 forma
427 1462 555 1547 reliquis
572 1473 757 1547 praestaret3
787 1466 890 1548 eoque
909 1466 1021 1528 melius
1039 1467 1111 1530 ior-

114 1575 205 1639 aas&
218 1574 289 1657 ejus
301 1572 464 1638 commoda
484 1575 595 1650 sensit,
614 1575 763 1660 quoniam
784 1574 1015 1653 recordaretur,
1036 1600 1114 1642 oan-

114 1687 190 1751 dem
222 1688 342 1772 patriae
369 1710 443 1752 suae
472 1688 549 1752 olim
575 1668 733 1772 propriam
753 1677 872 1765 'saissa
903 1699 934 1753 at
954 1691 1110 1775 periisse,

113 1800 193 1886 quia
218 1812 339 1865 servata
362 1822 426 1866 non
445 1801 577 1865 fuissent
597 1801 753 1884 majorum
776 1801 916 1866 instituta
933 1801 993 1889 (2).
1017 1805 1111 1869 Prae-

113 1914 238 1991 sertim,
251 1914 300 1978 uti
311 1899 457 1995 vidimus,
470 1915 574 1996 aptam
586 1914 700 1975 summi
720 1911 843 1997 imperii
862 1914 1113 1980 distributionem

113 2026 296 2091 admiratur
315 2049 587 2105 uonrasoorvrns,
600 2026 726 2112 egregie
742 2026 775 2090 in
794 2026 874 2090 illud
887 2039 1111 2113 comparatam,

114 2161 162 2203 ne
178 2140 263 2226 quid
287 2150 403 2205 temere
428 2140 462 2203 in
492 2141 600 2228 legum
628 2142 867 2206 constitutarum
887 2141 1110 2210 detrimentum

114 2252 183 2318 fiat.
229 2254 304 2334 Quo
335 2265 480 2338 respectu
500 2276 536 2318 ea
560 2255 693 2319 maxime
713 2255 836 2334 laudat,
859 2258 974 2342 quibus
997 2259 1110 2323 abusus

115 2367 280 2450 potestatis
307 2367 505 2433 exsecutricis
527 2378 557 2430 et
572 2368 759 2451 judiciariae
784 2368 1006 2449 cohibeantur,
1033 2383 1112 2457 puta

116 2481 394 2562 circumscriptam
407 2482 488 2565 regis
503 2486 782 2568 praerogativam
805 2493 836 2545 et
854 2505 1035 2566 processum
1053 2507 1111 2569 per
1189 2544 1195 2556 ,

107 2591 305 2677 juratores.
328 2591 467 2675 Hojnsce
484 2591 629 2667 instituti,
652 2592 708 2654 etsi
727 2593 935 2656 incommodis
955 2594 1039 2658 haud
1060 2617 1112 2660 ca·

117 2725 188 2768 rere
213 2702 295 2767 illud
316 2703 419 2768 ferant
433 2703 579 2790 quidam,
599 2703 751 2770 beneficia
771 2704 914 2770 universe
934 2727 1112 2793 agnoscun-

117 2830 188 2894 tur,
211 2840 273 2882 neo
292 2820 394 2902 potuit
412 2820 450 2883 A.
470 2819 508 2882 N.
531 2839 595 2881 non
620 2818 686 2902 ejus
717 2818 825 2883 laudes
854 2819 1027 2897 celebrare,
1053 2823 1109 2907 qui

117 2932 304 3000 arbitrariae
322 2932 465 3017 potestati
487 2930 520 3002 in
544 2930 706 3015 republicis
733 2932 854 2996 sincere
873 2932 951 2997 adeo
968 2933 1132 3000 adversa.

8 3058 12 3065 '
118 3057 208 3111 retur
222 3044 281 3132 (3).
305 3047 509 3130 summopere
522 3045 602 3107 item.
616 3046 686 3128 ejus
699 3045 857 3109 calculum
880 3047 1005 3124 meruit,
1028 3049 1110 3133 quae

111 3237 334 3247 .—

119 3349 282 3418 snpplicium,
300 3350 364 3417 quod
381 3352 406 3399 in
423 3351 523 3416 Angliae
540 3349 635 3416 legibus
652 3349 742 3399 dicitur
756 3352 833 3417 peiore
846 3351 918 3413 forta
939 3357 964 3399 st
984 3349 1057 3412 dure,
1076 3366 1111 3398 os·
1195 3353 1201 3359 ’

120 3442 199 3494 tendit
217 3455 312 3508 narrar,
330 3446 396 3493 Iret.
411 3444 470 3493 Jud.
490 3445 519 3494 Ι..
535 3444 582 3496 ΙΙΙ.
601 3462 623 3493 c.
636 3445 678 3495 17.

129 3521 140 3529 ’ἵ
157 3534 194 3601 (1)
213 3535 250 3584 Cf.
269 3548 315 3583 vor
333 3550 433 3602 sarrin,
454 3540 538 3586 Conse.
555 3540 678 3598 Straton,
696 3555 719 3585 v.
731 3538 751 3601 1,
769 3552 825 3603 pag.
838 3538 885 3598 30,
904 3538 938 3586 89
955 3553 992 3604 sq.

157 3629 194 3694 (2)
212 3630 250 3678 sie
267 3631 385 3694 conjicere
402 3630 459 3679 iicet
477 3649 507 3678 er
524 3633 557 3681 E.
577 3631 602 3680 d.
617 3634 647 3680 L.
664 3630 707 3681 xl.
725 3630 750 3679 8.
971 3671 974 3674 Α

133 3749 137 3752 -
156 3718 197 3786 (a)
215 3723 250 3769 r.
267 3723 291 3772 o.
310 3724 341 3770 r.
357 3721 399 3769 vr.
417 3725 448 3786 ³3
466 3724 507 3771 xr.
522 3724 537 3770 e
555 3741 577 3772 a.
598 3702 637 3786 a,
657 3724 704 3785 rs,
722 3723 831 3772 ravin.
849 3726 892 3782 ar,
911 3721 955 3770 uer
973 3723 1107 3770 existimare

120 3809 225 3875 videtin,
244 3828 374 3875 processum
393 3830 469 3861 coram
483 3812 632 3877 juratoribus
648 3814 763 3876 originem
780 3828 846 3859 suam
863 3810 949 3858 debere
965 3809 1053 3857 moltis
1066 3825 1107 3858 seu

118 3903 226 3965 placitis
245 3905 402 3951 emittentia
422 3905 535 3966 regimine
553 3902 659 3965 feudali,
677 3900 741 3966 qnod
759 3911 940 3963 rogaturum,
958 3901 1024 3949 istst.
1044 3900 1106 3950 sad.

120 3992 167 4039 111.
187 3995 227 4040 11.
257 3994 421 4058 Quaecumque
438 3996 463 4042 in
480 3993 574 4043 taudem
591 3994 713 4059 processus
731 4008 774 4057 per
796 3994 914 4056 juratores
938 3991 986 4042 diri
1003 3996 1109 4061 possint,

121 4082 224 4131 eontulit
239 4095 356 4147 aaroni,
376 4087 546 4134 Constitutios
560 4087 590 4133 de
607 4083 775 4151 satyriam
792 4082 911 4153 (Gentis,
932 4086 1022 4154 1787),
1041 4087 1058 4138 Ι.
1077 4090 1105 4150 Ι,
1160 4077 1161 4090 ’

93 4231 96 4236 ,
120 4193 142 4225 c.
160 4175 206 4237 xl,
224 4174 269 4223 XII
287 4174 358 4243 (ml,
376 4192 431 4242 pag.
449 4176 606 4243 ret—180).-
684 4211 689 4226 .
