2892 5042
791 511 855 573 104

337 695 412 766 dum
445 702 530 786 leges
564 715 685 780 semper
709 651 940 776 restringebant
968 689 1154 782 autetollere
1179 683 1324 750 volebant

337 833 446 876 usuras
463 807 524 899 (1);
1186 813 1197 837 ’

381 930 429 991 6⁰.
461 925 527 988 Nee
556 919 596 984 de
623 919 837 1005 argentariis
868 915 982 980 veritus
1008 925 1053 978 est
1074 916 1111 978 A.
1137 915 1175 978 N.
1197 924 1326 977 senten·

338 1036 415 1100 tiam
437 1055 525 1100 suam
547 1032 701 1116 prolerre,
721 1029 796 1094 licet
818 1028 940 1112 vulgari
961 1026 1102 1110 opinioni
1120 1015 1323 1100 contrariam,

340 1149 455 1235 quippe
479 1146 542 1231 quai
565 1155 642 1207 tunc
664 1142 770 1206 omnia
792 1140 859 1222 ejus
881 1141 1003 1226 generis
1017 1140 1159 1202 instituta
1176 1137 1244 1207 odio
1263 1136 1326 1202 ba-

338 1263 498 1327 bereutnr.
533 1256 620 1326 Vidit
646 1264 762 1331 autem,
784 1253 954 1336 aptissimas
974 1274 1038 1316 esse
1058 1251 1265 1338 argentarias,
1290 1262 1327 1313 ut

340 1372 504 1442 celerrime
537 1369 694 1434 solvantur
726 1386 927 1428 nummorum
961 1386 1114 1443 summne3
1150 1366 1258 1428 verum
1288 1364 1328 1426 iis

342 1506 408 1552 esse
427 1484 541 1548 debere
562 1493 680 1547 certam
699 1489 830 1555 sortem,
863 1478 993 1542 minime
1013 1478 1109 1542 nullis
1127 1477 1244 1541 finibus
1263 1475 1326 1541 ad-

306 1571 313 1576 ¹
340 1599 477 1662 strictam
499 1593 610 1670 fidem,
642 1615 701 1658 nec
731 1611 871 1676 unquam
892 1589 1046 1676 cogendas
1065 1611 1131 1653 csse
1151 1589 1191 1654 ad
1215 1588 1326 1653 auxilia

339 1710 564 1794 imperantibus
589 1707 728 1771 serenda.

385 1823 474 1886 Hanc
494 1820 535 1884 ob
554 1833 680 1883 causam
701 1819 755 1893 nit,
768 1816 891 1881 facilius
910 1820 1024 1883 servari
1042 1840 1130 1904 posse
1150 1820 1325 1883 institutum

340 1934 420 2002 illud
441 1934 475 1997 in
497 1933 595 2000 libeni
613 1931 785 2016 republicis,
806 1952 902 2015 qnam
920 1932 978 1995 sub
995 1933 1145 2016 principis
1163 1931 1325 2019 regimine,

342 2047 419 2112 dum
449 2068 490 2110 ne
519 2044 686 2130 pecuniam
715 2043 774 2107 sibi
804 2043 954 2108 creditam
983 2043 1057 2110 fiseo
1088 2055 1232 2109 mutuam
1261 2043 1325 2108 det.

291 2196 294 2202 v
342 2161 423 2223 Hinc
436 2157 585 2233 ostendit,
599 2176 696 2218 aau'rr
715 2162 860 2239 systema
881 2155 984 2237 potius
1004 2156 1136 2248 ratione,
1158 2157 1221 2242 quai
1238 2179 1327 2221 exse-

342 2271 461 2337 cutioni
487 2269 667 2333 mandatum
689 2268 799 2343 fuerit,
830 2289 925 2352 quam
947 2271 991 2332 rei
1013 2270 1110 2354 ipsius
1130 2272 1219 2347 vitio,
1243 2272 1328 2335 bono

342 2391 457 2449 eventu
476 2381 621 2445 caruisse.
667 2381 769 2444 Probe
795 2359 870 2444 item
890 2384 1045 2466 perspexit
1073 2404 1328 2461 norumourvms

342 2497 427 2561 varia
447 2495 621 2581 proposita,
643 2494 758 2580 quibus
779 2494 921 2558 conditae
943 2507 1030 2559 erant
1050 2497 1229 2582 complures
1251 2508 1326 2562 tune

342 2608 563 2676 celeberrimae
582 2608 784 2693 argentariae.
816 2607 868 2670 Sic
879 2630 906 2671 e.
918 2631 948 2693 g.
959 2608 1176 2685 Genuensem,
1199 2630 1255 2673 seu
1272 2606 1330 2674 Sti
1444 2661 1445 2674 ,

348 2721 493 2810 Georgii
527 2723 783 2807 argentariam,
819 2730 912 2784 acute
940 2742 958 2783 a
989 2721 1116 2806 reliquis
1145 2722 1325 2810 distinguit,
1443 2803 1444 2810 ἵ

245 2903 248 2909 ,
335 2836 511 2925 politicam
544 2854 609 2896 esse
633 2831 740 2896 dicens
768 2835 963 2904 restitutum.
1006 2835 1092 2899 Haec
1120 2835 1205 2899 enim
1227 2858 1328 2921 quum
1442 2823 1444 2854 '¹

345 2945 441 3009 semel
462 2943 684 3029 obligationem
709 2944 894 3028 suscepisset
912 2947 991 3008 aeris
1010 2947 1104 3011 alieni
1125 2948 1245 3032 publici
1264 2951 1326 3013 sol-

343 3056 435 3120 vendi
459 3078 477 3118 e
499 3054 648 3118 reditibus
673 3054 911 3134 demoniorum,
945 3059 1058 3144 quibus
1077 3061 1207 3125 &natus
1228 3065 1327 3147 ipsam
1402 3103 1410 3116 κ

344 3171 509 3236 donaverat
530 3168 662 3259 (1345),
686 3182 716 3233 ct
736 3170 877 3253 pecuniis
896 3171 1012 3235 civium
1040 3174 1164 3238 creditis
1192 3188 1223 3239 et
1242 3198 1326 3241 com·

343 3284 443 3349 modis
459 3282 667 3348 mercantium
687 3282 750 3346 unia
766 3282 991 3367 prospiciebat,
1013 3308 1073 3349 nec
1094 3310 1235 3374 unquam
1260 3292 1327 3356 ausi
1440 3293 1441 3312 ³

345 3408 417 3461 sunt
438 3398 568 3460 Genuae
587 3395 775 3480 imperantes
797 3406 908 3459 sortem
930 3395 1023 3480 hujus
1040 3404 1233 3486 argentariae
1253 3424 1327 3467 cou-
1377 3399 1384 3416 ‘

342 3519 476 3572 treetare
498 3508 558 3594 (2).

388 3621 472 3683 llaec
498 3620 595 3683 ferme
618 3630 700 3696 sunt,
723 3642 804 3705 quae
825 3634 968 3709 arguant,
986 3648 1249 3706 uonrnsourvruu
1270 3631 1326 3694 sui
1436 3651 1439 3700 t

345 3735 464 3801 ratione
499 3735 692 3820 quaestiones
724 3736 936 3800 oeconomicas
972 3742 1171 3824 explicuisse,
1209 3744 1326 3809 diversi

378 4024 416 4091 (t)
434 4028 471 4076 ct.
488 4039 544 4088 sar,
564 4031 643 4077 Corra
660 4030 773 4090 complet,
793 4026 810 4075 l.
829 4027 858 4091 V,
876 4046 896 4076 o.
907 4027 1060 4079 xlv-svn
1078 4029 1110 4097 (v.
1126 4033 1174 4095 lll,
1186 4051 1211 4097 p.
1224 4035 1259 4102 ,at
1271 4034 1326 4099 sp).

379 4115 416 4180 (2)
435 4118 468 4165 E.
486 4118 556 4166 dl„
574 4119 722 4182 tt.a;xx.
743 4119 784 4185 10,
804 4120 940 4185 1131xlt.
961 4126 1002 4187 ro,
1024 4125 1065 4174 ιθ.
1092 4125 1199 4190 Gratus,
1218 4130 1328 4190 deseos-
1376 4121 1380 4132 ’

344 4207 428 4266 temes,
448 4205 467 4255 l.
485 4207 514 4269 V,
533 4224 553 4253 c.
572 4209 589 4255 4
606 4211 641 4273 (v.
658 4210 695 4272 ΙΙ,
715 4225 769 4273 pag.
792 4212 841 4258 160
858 4210 929 4277 app).
