2892 5042
845 476 887 536 76

375 658 574 745 scriptoribus
583 656 677 721 modo
691 654 879 732 memoratis,
895 652 1014 740 quique
1029 673 1142 716 eorum
1158 652 1352 727 anniteretur,

374 770 584 856 improbatur,
609 766 695 855 quod
717 766 852 833 maxima
871 787 945 830 eum
972 764 1134 849 voluptate
1164 764 1234 828 tme
1254 763 1352 828 dent

374 883 450 947 hant
467 881 610 947 militaria
628 891 731 967 gesta,
754 878 878 965 praeliis
897 877 952 942 diu
970 875 1171 955 inhaereant,
1197 899 1247 942 res
1264 875 1354 942 ciriles

374 994 487 1057 minori
506 993 608 1057 studio
628 992 773 1058 referant.
805 989 969 1070 Crederes,
984 989 1098 1055 talibus
1114 989 1218 1067 lectis,
1230 986 1354 1053 lu'storiu

374 1105 441 1169 illas
458 1103 589 1170 amilite
600 1103 633 1167 in
642 1102 780 1167 militum
795 1124 887 1167 usum
908 1102 1049 1187 scriptam
1073 1112 1217 1167 attamen
1236 1097 1353 1167 ecolosi-

374 1216 461 1281 astici
478 1215 621 1303 plerique
637 1226 743 1292 erant,
766 1213 823 1300 qui
838 1212 1016 1298 hujusmodi
1031 1214 1194 1279 calamum
1207 1220 1353 1301 gererent,

373 1329 406 1392 in
418 1329 533 1415 quihus
544 1326 686 1392 militaria
704 1326 834 1392 scientia
853 1325 1101 1405 desiderabatur;
1128 1349 1191 1392 nec
1204 1323 1289 1390 alind
1308 1318 1354 1385 sihi

305 1473 308 1481 ·
374 1443 406 1506 in
427 1443 655 1527 Imperatorum
684 1439 776 1528 gestis
800 1441 1007 1526 quaerebant,
1030 1439 1090 1503 nisi
1108 1439 1186 1525 styli
1205 1454 1353 1502 ornamen-

373 1566 452 1621 tum.
482 1555 617 1619 Caeteris
638 1564 745 1619 tamen
763 1551 823 1617 hoc
848 1563 991 1637 respectu
1012 1561 1149 1635 praestat
1173 1551 1269 1616 abhas
1288 1568 1354 1610 ran-

374 1688 455 1740 ror,
479 1667 536 1753 qui
562 1687 580 1728 e
603 1664 844 1740 recentioribus,
868 1664 1014 1740 Sneciae,
1038 1664 1251 1752 Portogallirre
1275 1659 1354 1727 ble-

374 1775 452 1838 riam
478 1775 596 1862 tetigit,
627 1775 748 1840 Melitae
782 1785 878 1839 totam
908 1774 1092 1854 elaborarit,
1125 1797 1237 1863 neque
1265 1771 1355 1837 minus

375 1898 465 1952 notus
486 1886 621 1976 eleganti
639 1888 818 1952 narratione
838 1886 1076 1953 conversionum
1097 1888 1178 1974 reip.
1193 1891 1354 1957 Romanos

374 2011 509 2065 attamen
539 2002 740 2086 quantumvis
759 2001 841 2088 stylo
866 2002 1016 2080 emineat,
1049 2000 1090 2066 ad
1122 2002 1260 2067 otiosum
1287 1993 1355 2061 illud

374 2111 559 2195 scriptorum
579 2134 677 2198 genus
700 2112 897 2191 referendus,
921 2135 1021 2200 quum
1043 2116 1151 2180 reveri
1173 2137 1252 2200 opus
1271 2111 1354 2177 hooot

372 2220 453 2285 nihil
474 2222 648 2300 contineat,
672 2223 732 2287 nisi
748 2223 896 2289 historiae
914 2227 1074 2309 Romanae
1089 2226 1314 2312 compendium
1331 2217 1354 2306 (t

374 2354 510 2399 acauno
532 2332 571 2397 ad
593 2332 798 2421 aeensrnsr),
820 2335 855 2398 in
876 2356 941 2421 quo
958 2347 1081 2415 antem,
1105 2339 1355 2422 quotiescumque

374 2446 555 2522 seditiones,
588 2446 673 2533 leges
704 2448 856 2535 agrarias,
897 2447 981 2512 bella
1012 2448 1113 2514 civilia
1149 2450 1269 2538 tangit,
1299 2445 1354 2510 elo*
1401 2514 1402 2531 χ

375 2570 484 2647 gauter
504 2568 536 2623 et
555 2558 674 2644 prolixe
699 2581 736 2624 ea
759 2559 917 2648 depingit,
953 2561 1109 2626 coloribus
1139 2562 1203 2628 sive
1233 2585 1253 2626 e
1278 2575 1355 2624 eruo
1401 2538 1402 2567 l

375 2674 423 2736 rel
445 2694 636 2738 rneraacno
657 2674 722 2737 sire
744 2694 838 2737 csuo
857 2673 985 2759 iugenio
1006 2673 1165 2739 desumtis.
1211 2674 1354 2739 Abbatem

374 2783 499 2847 huncce
517 2805 628 2866 parum
649 2805 771 2847 curasse
791 2806 831 2847 an
853 2783 973 2847 veritati
992 2798 1206 2871 congruerent
1226 2782 1354 2865 deacrip

374 2894 488 2970 tiones,
510 2892 587 2957 dum
610 2905 737 2960 ornatae
762 2905 879 2972 essent,
903 2905 1016 2961 notum,
1037 2908 1091 2964 est.
1126 2897 1233 2979 Quam
1255 2910 1355 2984 parum

374 3005 499 3070 cultiori
523 3006 662 3070 societati
686 3005 861 3091 prodesset,
884 3005 1043 3074 historiam
1069 3033 1106 3075 eo
1127 3011 1222 3075 modo
1246 3011 1279 3074 in
1301 3006 1357 3070 lin-

375 3140 450 3205 guas
468 3118 612 3208 rulgares
630 3120 819 3200 transfundi,
844 3121 970 3210 egregie
990 3106 1122 3188 ostendit
1141 3134 1172 3188 et
1190 3125 1225 3187 in
1247 3117 1356 3204 compi·

374 3232 485 3297 latores
503 3232 643 3298 invectus
669 3244 714 3297 est
728 3233 776 3297 vir
794 3234 905 3299 eximie
926 3235 1069 3321 politicus
1089 3230 1355 3303 possideremus,

279 3342 281 3347 ’
374 3345 429 3429 qui
452 3345 614 3409 celebratis
634 3347 696 3409 suis
714 3346 856 3430 Epistolis
881 3347 1030 3435 (primdm
1049 3350 1097 3415 ed.
1118 3348 1219 3437 1734)
1239 3348 1282 3414 ah
1299 3332 1356 3409 an-

374 3456 478 3540 tiquae
495 3454 639 3519 historiae
658 3455 761 3519 studio
778 3455 954 3522 dissuadere
974 3471 1121 3539 conatur,
1144 3460 1355 3526 historicorum

372 3563 453 3627 vitia·
468 3564 633 3649 carpendo.
676 3568 839 3652 Praecipui
857 3567 971 3634 horum
992 3593 1128 3651 errores,
1151 3574 1218 3658 ipso
1234 3570 1353 3657 judice,

286 3754 289 3760 Ι
344 3761 346 3766 .
373 3688 460 3757 sunt;
484 3677 581 3749 nimia
597 3688 739 3743 veterum
758 3692 1032 3748 monumentorum
1051 3696 1082 3749 et
1094 3684 1294 3750 traditionum
1311 3700 1353 3743 re·

225 3870 234 3880 Ι
256 3867 259 3871 ’
373 3793 466 3881 ligio,
490 3793 614 3859 fabulae
636 3803 667 3857 et
685 3792 853 3871 minutiae,
878 3816 954 3881 quas
972 3797 1090 3883 absque
1107 3798 1193 3864 omni
1210 3821 1268 3864 usrr
1285 3813 1352 3860 nar-

373 3950 613 3964 auu—...-

331 4063 336 4069 ·
372 4049 412 4088 tnr
441 4052 521 4091 eontra
547 4044 714 4095 certitudinem
737 4047 855 4099 Romanae
884 4047 996 4099 historias
1024 4033 1098 4116 usgue
1125 4049 1152 4098 ad
1184 4048 1273 4099 bettona
1294 4044 1351 4107 Pyt‘

257 4174 262 4178 .
371 4134 476 4183 rtteum.
