2892 5042
583 540 618 597 17

112 715 312 802 impedivdre,
338 722 521 803 quominus,
547 721 619 781 cdm
639 720 674 804 in
693 720 885 803 disciplinam
904 710 999 801 juris,
1024 719 1091 780 tdm

114 830 204 892 etiam
232 831 264 894 in
294 830 434 916 politicos
459 831 600 916 gentium
632 832 717 894 actds
746 833 809 894 vim
835 831 1005 894 exercuerit
1038 852 1089 911 pei

111 940 278 1024 Ekrmpam,
310 943 459 1026 majorem
487 943 579 1006 etiam
602 953 695 1026 puto,
724 914 824 1029 quam(
848 964 982 1006 nournus
995 939 1091 1025 ¹apud

113 1050 191 1114 eires
212 1075 290 1117 suos.

154 1164 211 1240 Ita,
236 1164 321 1250 quod
338 1176 410 1229 ante
433 1186 578 1228 roornun
604 1166 730 1247 injure
749 1166 891 1248 publico,
912 1176 983 1229 ante
1009 1186 1093 1228 cno-

112 1294 191 1338 rruu
210 1275 244 1339 in
259 1277 333 1359 jure
356 1277 497 1363 gentium
510 1277 764 1354 desiderabatur,
793 1277 826 1342 id
843 1276 971 1363 quidem
987 1287 1018 1340 et
1036 1275 1095 1359 ipsi

111 1397 141 1449 et
161 1388 254 1451 multi
270 1410 380 1451 eorum
402 1390 536 1473 vestigiis
557 1390 731 1452 insistentes
756 1391 989 1473 praestiterant;
1017 1389 1096 1450 sani-

113 1497 216 1561 oribus
243 1499 403 1583 principiis
420 1500 509 1562 nixae
529 1501 601 1562 illae
627 1499 826 1581 disciplinae,
858 1498 969 1560 melius
998 1496 1098 1560 edocti

112 1608 299 1674 videbantur
321 1609 472 1674 homines.

155 1722 470 1807 verumenimvero,
493 1726 590 1810 priori
613 1747 692 1788 saec.
716 1725 768 1787 181
788 1733 892 1807 parte,
915 1724 949 1787 in
971 1721 1097 1786 Francia

110 1835 235 1922 saltem,
261 1858 387 1900 omnem
413 1835 527 1899 horum
556 1835 701 1898 laborum
727 1836 865 1899 fructum
890 1835 1033 1899 amiserat
1051 1857 1098 1897 so-

112 1948 203 2011 cietas
222 1947 333 2012 civilis.
356 1949 514 2032 Namque,
534 1945 580 2009 uti
600 1946 737 2008 vidimus
756 1948 790 2010 P.
808 1946 833 2009 Ι.
854 1946 886 2009 G.
909 1947 939 2020 I,
960 1950 978 2030 §
1001 1950 1039 2020 3,
1064 1947 1100 2007 ed

110 2059 234 2124 levitate
247 2068 298 2121 vros
315 2059 455 2122 internae
476 2068 507 2121 et
527 2069 671 2122 externae
691 2057 963 2144 gubernabantur,
981 2067 1099 2120 tantam

110 2171 308 2235 securitatem
325 2180 355 2232 et
365 2169 548 2252 jactantiam
569 2148 689 2235 diutina
707 2169 864 2234 honorum
883 2171 1096 2234 fortunarum-

110 2303 179 2367 que·
193 2281 340 2367 possessio
359 2280 513 2345 indiderat
530 2281 693 2347 ordinibus
715 2283 948 2359 excelsioribus,
975 2293 1020 2358 ut,
1043 2304 1099 2345 ex-

49 2476 51 2483 c
110 2395 208 2477 ceptis
228 2395 304 2457 lctis
320 2406 349 2457 et
368 2393 534 2470 historicis,
558 2396 700 2478 politicas
720 2395 907 2480 disciplinas,
928 2395 1001 2477 jura
1022 2418 1099 2481 gen-

108 2505 206 2582 tium,
245 2505 365 2578 civilia,
397 2506 524 2588 publica
552 2527 676 2588 prorsus
707 2508 904 2591 negligerent
935 2527 1098 2589 proceres,

110 2618 170 2680 nisi
197 2615 325 2701 quando
354 2616 502 2700 agebatur
533 2615 573 2677 de
604 2614 768 2678 commodo
790 2617 840 2677 vel
866 2616 1015 2701 gloriola,
1047 2617 1097 2679 cni

110 2724 172 2790 hoc
203 2725 320 2790 illudve
350 2726 551 2811 privilegium
581 2724 842 2810 opportunitatem
875 2725 972 2790 daret.
1012 2728 1100 2790 Tunc

110 2840 234 2904 tantdm
259 2837 298 2902 ad
313 2839 384 2921 jura
406 2832 612 2913 vindicanda,
630 2850 683 2902 aut
701 2838 810 2902 fictum
832 2838 983 2903 honorem
1002 2851 1097 2904 tuen-

110 2948 187 3014 dum
209 2951 406 3035 prodierant
427 2951 489 3027 illi,
512 2951 625 3035 quibus
645 2952 708 3014 fata
738 2953 881 3036 Europae
897 2952 1026 3017 adversa
1048 2975 1096 3015 ar-

108 3063 239 3127 bitrium
259 3063 298 3125 de
322 3065 463 3148 gentimn
487 3062 664 3141 conditione
686 3062 845 3128 dederant.
917 3107 922 3115 ,

113 3212 116 3219 ‚
155 3174 211 3236 His
241 3172 337 3247 adde,
362 3173 446 3257 quod
473 3173 570 3257 magis
597 3174 760 3256 magisque
788 3175 871 3257 apud
895 3176 964 3236 illos
990 3178 1097 3251 etiam,

9 3268 10 3279 ¹
111 3285 169 3371 qui
192 3284 286 3346 rebus
303 3283 388 3346 seriis
403 3282 507 3346 adhuc
527 3281 772 3355 delectarentur,
790 3305 832 3345 ex
854 3306 912 3347 usu
928 3286 1099 3349 recessisset

110 3395 245 3460 Latinus
255 3415 371 3470 sermo,
393 3396 539 3460 Francice
555 3395 658 3459 omnia
680 3406 857 3481 agerentur.
893 3397 949 3463 llla
968 3388 1098 3464 mutatio

51 3548 54 3552 -
109 3531 167 3592 per
187 3530 219 3572 se
238 3508 367 3573 minime
388 3510 522 3573 nocebat
541 3508 666 3584 studiis,
688 3510 769 3597 siqui
786 3533 857 3575 vere
876 3509 982 3579 doceri
1001 3501 1097 3598 cupe-

110 3632 200 3699 rent;
232 3621 284 3685 sed
299 3622 418 3686 'multis
438 3621 617 3687 facultatem
636 3622 745 3700 dabat,
770 3624 858 3688 brevi
878 3618 1017 3710 tempore
1037 3627 1095 3688 im-

106 3734 246 3819 perfecte
276 3733 427 3820 quaedam
458 3733 596 3799 disccndi
622 3735 833 3820 et'indigesta
856 3734 1036 3819 proferendi
1061 3738 1095 3797 in
1174 3802 1178 3811 ,

109 3847 249 3911 coetibus
278 3846 472 3912 literatorum
498 3849 766 3931 feminarumque,
796 3847 851 3911 uhi
882 3847 998 3909 nullius
1033 3867 1094 3910 non

109 4113 135 4152 et
152 4102 170 4150 l.
191 4103 224 4151 11.
244 4120 264 4151 e.
281 4104 335 4168 XX,
355 4105 384 4151 de
400 4106 506 4167 poenis,
528 4121 558 4151 ne
573 4103 644 4152 verbo
662 4102 758 4169 quidem
777 4105 967 4156 Germanicarum
983 4106 1091 4168 gendum

107 4202 198 4241 statuta
216 4203 343 4256 memorat;
360 4209 451 4258 semper
469 4194 495 4242 in
512 4192 637 4262 Hebraeis,
656 4196 749 4245 Graecis
767 4207 791 4247 et
808 4198 917 4249 Romanis
935 4205 1047 4245 versatur.

157 4285 250 4349 ll.·
918 4292 937 4349 2
