2892 5042
829 492 868 552 16

396 672 496 755 liujus
513 670 573 735 loci
583 690 647 733 non
662 681 708 734 est
718 670 883 745 disserere,
894 668 933 733 de
943 690 994 743 eo,
1007 677 1161 753 quantum
1181 665 1342 732 doctrinae

349 784 428 867 juris
437 783 557 868 publici
566 780 735 866 profuerit,
756 803 906 857 nonrnus,
930 792 984 845 aut
1006 800 1156 865 quaerere
1176 801 1217 843 au
1235 779 1341 863 inepte

351 896 468 960 lilimm
495 915 586 957 suurn
617 895 772 956 referserit
788 892 980 979 argumentis
999 914 1018 956 a
1038 912 1073 955 re
1087 892 1216 967 alienis,
1236 912 1342 975 neque
1428 942 1429 947 ,

352 1006 530 1074 adtentione
542 1003 751 1091 animidignis
772 1001 832 1090 (1)
855 1003 994 1067 Sufficiat
1014 1004 1057 1067 ita
1077 1002 1340 1066 necessitudinem

352 1117 542 1193 definivisse,
562 1116 645 1180 inter
664 1116 732 1200 ejus
749 1136 879 1191 aevum,
901 1126 932 1179 et
958 1135 1049 1198 opus,
1065 1134 1130 1199 quo
1148 1114 1304 1178 inclaruit.
1429 1118 1430 1139 ἶ

397 1229 517 1296 Similia
538 1228 578 1292 de
603 1248 727 1294 cuorro
747 1226 955 1302 obseruanda,
980 1226 1050 1311 qui,
1072 1223 1152 1288 dum
1170 1225 1253 1289 bello
1274 1235 1340 1289 tota

353 1345 476 1427 Europa
501 1338 654 1427 flagrabat
682 1336 816 1427 (1625),
851 1335 1066 1401 exardescente
1093 1336 1234 1420 inprimis
1254 1337 1340 1400 Ger·
1429 1358 1430 1393 t

353 1454 478 1522 manico
499 1453 554 1519 illo
576 1456 810 1528 turonorum,
834 1449 974 1535 dumque
990 1449 1059 1513 talis
1082 1458 1148 1514 erat
1171 1449 1337 1533 imperan-
1428 1464 1430 1473 ’

354 1569 434 1633 tium
448 1565 560 1653 agendi
581 1563 659 1629 ratio
671 1564 754 1627 inter
777 1584 808 1625 se
829 1573 859 1626 et
880 1548 914 1626 in
936 1560 1082 1637 subditas,
1104 1560 1286 1637 foederatas,
1309 1572 1339 1624 et
1429 1546 1430 1557 ¹

353 1679 469 1741 vicinas
490 1688 612 1761 gentes,
643 1686 679 1738 ut
705 1674 839 1738 crudelis
868 1684 899 1735 et
919 1672 1023 1736 fatuus
1047 1694 1226 1738 nonomcns
1246 1674 1337 1749 XlIl,

353 1787 527 1851 multorum
548 1785 719 1872 suffragiis,
750 1783 847 1852 ,lusti
870 1785 1057 1871 cognomine
1077 1784 1248 1870 gauderet,
1271 1786 1340 1848 im-

353 1920 493 1964 mensam
512 1895 654 1963 adhibuit
672 1896 890 1975 eruditionem‚
908 1906 944 1960 ut
962 1897 1196 1975 demonstraret,
1220 1909 1253 1961 et
1263 1896 1340 1961 belli

353 2020 385 2075 et
404 2010 489 2095 pacis
509 2022 658 2094 tempore,
685 2010 760 2093 jura
783 2020 925 2087 aeterna,
956 2010 1180 2086 immutabilia,
1209 2022 1340 2075 naturae

352 2122 443 2186 insite
462 2122 545 2184 inter
565 2131 672 2206 gentes
693 2120 798 2183 adesse
822 2132 853 2183 ct
870 2123 941 2184 verli
963 2121 1055 2186 etiem
1075 2123 1226 2208 applicari
1243 2145 1340 2207 opor-

353 2247 418 2298 tere
432 2229 491 2320 (2).
515 2232 663 2314 Quamvis
677 2252 818 2294 summus
837 2231 892 2296 ille
902 2244 1026 2298 nostras
1044 2255 1108 2298 non
1124 2235 1282 2327 immeritis
1299 2237 1339 2300 ol)

352 2347 451 2430 ipsam
477 2363 546 2408 eam
566 2342 726 2408 doctrinae
745 2343 861 2407 molem
888 2355 918 2408 et
936 2345 1124 2431 lanuginem
1145 2349 1339 2433 vituperatus

352 2457 462 2535 suerit,
486 2456 624 2542 quamvis
650 2455 844 2541 frequentius
874 2457 1018 2534 sortame,
1049 2478 1144 2543 quam
1169 2481 1228 2544 par
1250 2472 1339 2538 esset,
1369 2496 1375 2513 ι

353 2570 562 2635 recentiorum
584 2569 672 2633 actile
690 2567 904 2651 dijudicaverit
924 2590 960 2631 ex
977 2568 1176 2655 antiquarum
1194 2572 1339 2658 gentium

352 2682 497 2746 institutis
515 2692 546 2744 et
568 2678 741 2755 sententiis,
768 2679 831 2741 imd
854 2679 1030 2763 gravusima
1050 2680 1151 2765 capita
1177 2682 1338 2748 interdum

351 2792 622 2875 exponatomissis
642 2788 814 2872 praeceptis
833 2787 872 2850 de
893 2788 1026 2868 ratione,
1050 2791 1114 2876 qui
1136 2815 1193 2856 suo
1212 2797 1338 2860 saeculo

350 2902 555 2967 convenirent
572 2899 685 2986 placita
705 2897 772 2985 (3),
795 2910 900 2962 tomen
916 2897 994 2964 haec
1015 2904 1118 2969 omnia
1136 2908 1337 2994 nequiquam

350 3137 394 3188 vt.
411 3138 437 3186 δ.
463 3136 607 3197 mnu,
624 3151 664 3201 cp.
681 3137 723 3185 cit.
742 3152 797 3202 pag.
815 3137 850 3187 dd
866 3153 916 3205 sqq.
931 3141 985 3188 Des
1006 3140 1083 3203 Gorps
1096 3142 1241 3208 Politiquos
1256 3152 1284 3193 st
1302 3146 1335 3194 ds

350 3234 418 3280 laun
431 3244 628 3295 gouoernsmcns
646 3227 766 3294 (lugduni
783 3227 875 3295 1704),
893 3229 942 3279 vol.
959 3230 985 3296 1,
1002 3246 1057 3297 pag.
1078 3232 1110 3278 12
1127 3215 1189 3300 ipq„
1206 3235 1269 3283 ²59.

320 3347 326 3357 ι
385 3319 424 3388 (1)
441 3322 492 3370 ch
510 3331 617 3381 namn,
635 3336 673 3385 op.
685 3320 727 3369 cit.
743 3336 798 3387 pag.
810 3322 844 3370 80
862 3337 942 3372 severe
957 3321 1051 3386 judicat
1068 3323 1096 3372 de
1113 3338 1213 3392 suusne,
1230 3328 1336 3376 severim

350 3414 436 3473 etiam,
458 3426 528 3481 quem
555 3423 687 3458 ituraeos
706 3413 781 3472 citat,
811 3427 942 3462 rsumr.
967 3413 1156 3479 Reprehenditur
1179 3421 1334 3484 praesertim,

349 3499 414 3569 quod
437 3498 551 3564 physicen
574 3499 712 3563 imperfecte
735 3503 851 3566 cognitam
874 3513 900 3550 et
925 3504 1073 3568 astrologiam
1094 3505 1206 3572 politicae
1229 3508 1335 3558 theoriae
1427 3528 1428 3531 ¹

348 3590 516 3652 immiscuerit,
533 3604 572 3653 sp.
589 3602 741 3658 urinum,
767 3608 821 3658 pag.
840 3594 875 3642 ot
892 3605 917 3642 et
933 3612 972 3661 op.
991 3596 1034 3645 dos
1049 3599 1126 3663 Oorps
1144 3598 1219 3666 Pet,
1241 3598 1290 3652 vol.
1302 3596 1333 3665 l,

347 3699 404 3753 pag.
420 3682 488 3746 uus,
506 3681 530 3728 ll
539 3715 546 3746 ,
563 3695 620 3748 pag.
636 3682 701 3749 ⁶⁰23
718 3682 762 3732 nbi
779 3694 914 3747 spectantur
931 3685 979 3735 loci
995 3701 1094 3756 nonin,
1113 3691 1143 3739 de
1162 3707 1225 3755 rep„
1238 3689 1282 3741 lv.
1298 3695 1331 3762 ἃς

346 3779 391 3829 vl.
409 3776 439 3841 o,
457 3774 556 3823 maxime
571 3773 624 3838 ejus
639 3773 727 3842 placita
744 3774 885 3826 decivitate
903 3776 1055 3842 gubernandi
1068 3796 1097 3829 ex
1110 3797 1261 3832 numerorum
1277 3800 1333 3850 pro·
1427 3834 1428 3843 ,

346 3870 454 3935 portione
470 3866 611 3917 harmonici.
1286 3866 1291 3883 ⁸

381 3958 418 4027 (²)
435 3959 473 4007 ct.
492 3973 591 4026 arom,
611 3959 736 4011 dedicatio
760 3961 795 4011 od
810 3960 907 4028 Regem
926 3961 1187 4025 Christianismum
1213 3967 1244 4015 de
1264 3965 1292 4018 J.
1307 3968 1330 4033 t.

346 4066 377 4099 «w
392 4064 421 4112 r·
437 4047 539 4112 orales,
555 4050 571 4114 t
587 4053 622 4100 2⁸
638 4068 690 4120 ua·

380 4137 419 4205 (8)
435 4139 473 4188 Ita
489 4138 519 4186 ds
536 4137 563 4187 J.
584 4141 608 4187 t.
631 4159 662 4191 oe
677 4161 718 4209 μ,
736 4144 755 4195 l.
772 4145 795 4195 l.
813 4147 841 4197 C.
858 4147 899 4212 XI,
918 4146 948 4197 do
960 4148 1022 4197 nto
1035 4147 1155 4198 adversus
1173 4154 1326 4215 superiores,
