<?xml version="1.0" encoding="UTF-8"?>
<!DOCTYPE html PUBLIC "-//W3C//DTD XHTML 1.0 Transitional//EN"
    "http://www.w3.org/TR/xhtml1/DTD/xhtml1-transitional.dtd">
<html xmlns="http://www.w3.org/1999/xhtml" xml:lang="en" lang="en">
 <head>
  <title>
</title>
<meta http-equiv="Content-Type" content="text/html;charset=utf-8" />
  <meta name='ocr-system' content='tesseract 3.04.00' />
  <meta name='ocr-capabilities' content='ocr_page ocr_carea ocr_par ocr_line ocrx_word'/>
</head>
<body>
  <div class='ocr_page' id='page_1' title='image "./speciminisinaug00heemgoog_0286.png"; bbox 0 0 2892 5042; ppageno 0'>
   <div class='ocr_carea' id='block_1_1' title="bbox 726 492 827 597">
    <p class='ocr_par' dir='ltr' id='par_1_1' title="bbox 726 492 827 597">
     <span class='ocr_line' id='line_1_1' title="bbox 726 492 827 597; baseline 0.04 -4"><span class='ocrx_word' id='word_1_1' title='bbox 726 492 729 498; x_wconf 39' lang='lat'><strong>¹</strong></span> <span class='ocrx_word' id='word_1_2' title='bbox 766 534 827 597; x_wconf 78' lang='lat' dir='ltr'>rto</span> 
     </span>
    </p>
   </div>
   <div class='ocr_carea' id='block_1_2' title="bbox 285 698 1356 3154">
    <p class='ocr_par' dir='ltr' id='par_1_2' title="bbox 285 698 1356 3154">
     <span class='ocr_line' id='line_1_2' title="bbox 300 698 1285 801; baseline -0.012 -20"><span class='ocrx_word' id='word_1_3' title='bbox 300 730 330 782; x_wconf 82' lang='lat' dir='ltr'>et</span> <span class='ocrx_word' id='word_1_4' title='bbox 350 715 526 781; x_wconf 78' lang='lat' dir='ltr'><strong>distinctam</strong></span> <span class='ocrx_word' id='word_1_5' title='bbox 546 715 717 801; x_wconf 82' lang='lat' dir='ltr'>imaginem</span> <span class='ocrx_word' id='word_1_6' title='bbox 737 713 795 778; x_wconf 92' lang='lat' dir='ltr'>sibi</span> <span class='ocrx_word' id='word_1_7' title='bbox 815 714 956 778; x_wconf 86' lang='lat' dir='ltr'>efformet</span> <span class='ocrx_word' id='word_1_8' title='bbox 977 710 1036 801; x_wconf 85' lang='lat'><em>(1).</em></span> <span class='ocrx_word' id='word_1_9' title='bbox 1062 698 1152 773; x_wconf 61' lang='lat' dir='ltr'>&#39;Sunt&#39;</span> <span class='ocrx_word' id='word_1_10' title='bbox 1174 706 1285 783; x_wconf 74' lang='lat' dir='ltr'>ubam,</span> 
     </span>
     <span class='ocr_line' id='line_1_3' title="bbox 300 812 1356 916; baseline -0.011 -23"><span class='ocrx_word' id='word_1_11' title='bbox 300 831 354 916; x_wconf 84' lang='lat' dir='ltr'>qui</span> <span class='ocrx_word' id='word_1_12' title='bbox 383 830 487 893; x_wconf 90' lang='lat' dir='ltr'>minus</span> <span class='ocrx_word' id='word_1_13' title='bbox 521 840 621 905; x_wconf 85' lang='lat' dir='ltr'>recte,</span> <span class='ocrx_word' id='word_1_14' title='bbox 659 840 694 892; x_wconf 88' lang='lat' dir='ltr'>ut</span> <span class='ocrx_word' id='word_1_15' title='bbox 723 812 877 904; x_wconf 47' lang='lat' dir='ltr'>videtum</span> <span class='ocrx_word' id='word_1_16' title='bbox 893 848 930 889; x_wconf 84' lang='lat' dir='ltr'>ex</span> <span class='ocrx_word' id='word_1_17' title='bbox 963 822 1096 910; x_wconf 82' lang='lat' dir='ltr'>regionis</span> <span class='ocrx_word' id='word_1_18' title='bbox 1125 820 1226 884; x_wconf 79' lang='lat' dir='ltr'>forml</span> <span class='ocrx_word' id='word_1_19' title='bbox 1257 829 1289 882; x_wconf 86' lang='lat' dir='ltr'>et</span> <span class='ocrx_word' id='word_1_20' title='bbox 1354 892 1356 895; x_wconf 23' lang='lat'>¹</span> 
     </span>
     <span class='ocr_line' id='line_1_4' title="bbox 302 931 1290 1025; baseline -0.014 -17"><span class='ocrx_word' id='word_1_21' title='bbox 302 941 380 1008; x_wconf 85' lang='lat' dir='ltr'>coeli</span> <span class='ocrx_word' id='word_1_22' title='bbox 413 941 563 1025; x_wconf 87' lang='lat' dir='ltr'>adspectu</span> <span class='ocrx_word' id='word_1_23' title='bbox 591 940 731 1004; x_wconf 88' lang='lat' dir='ltr'>notiones</span> <span class='ocrx_word' id='word_1_24' title='bbox 760 938 799 1002; x_wconf 86' lang='lat' dir='ltr'>de</span> <span class='ocrx_word' id='word_1_25' title='bbox 826 937 919 1002; x_wconf 84' lang='lat' dir='ltr'>rebus</span> <span class='ocrx_word' id='word_1_26' title='bbox 944 935 1055 1001; x_wconf 83' lang='lat' dir='ltr'>divinis</span> <span class='ocrx_word' id='word_1_27' title='bbox 1084 934 1184 998; x_wconf 83' lang='lat' dir='ltr'>varias</span> <span class='ocrx_word' id='word_1_28' title='bbox 1204 931 1290 1015; x_wconf 88' lang='lat' dir='ltr'>apud</span> 
     </span>
     <span class='ocr_line' id='line_1_5' title="bbox 303 1041 1286 1138; baseline -0.008 -21"><span class='ocrx_word' id='word_1_29' title='bbox 303 1056 400 1120; x_wconf 79' lang='lat' dir='ltr'>varios</span> <span class='ocrx_word' id='word_1_30' title='bbox 424 1054 554 1138; x_wconf 91' lang='lat' dir='ltr'>populos</span> <span class='ocrx_word' id='word_1_31' title='bbox 572 1054 646 1116; x_wconf 89' lang='lat' dir='ltr'>oriri</span> <span class='ocrx_word' id='word_1_32' title='bbox 663 1062 794 1138; x_wconf 87' lang='lat' dir='ltr'>putent,</span> <span class='ocrx_word' id='word_1_33' title='bbox 816 1052 881 1138; x_wconf 71' lang='lat' dir='ltr'>qul</span> <span class='ocrx_word' id='word_1_34' title='bbox 900 1051 939 1116; x_wconf 92' lang='lat' dir='ltr'>de</span> <span class='ocrx_word' id='word_1_35' title='bbox 956 1072 990 1113; x_wconf 85' lang='lat' dir='ltr'>rc</span> <span class='ocrx_word' id='word_1_36' title='bbox 1012 1058 1095 1113; x_wconf 75' lang='lat' dir='ltr'>meet</span> <span class='ocrx_word' id='word_1_37' title='bbox 1118 1048 1155 1112; x_wconf 78' lang='lat' dir='ltr'>A.</span> <span class='ocrx_word' id='word_1_38' title='bbox 1175 1047 1211 1109; x_wconf 88' lang='grc' dir='ltr'>Ν.</span> <span class='ocrx_word' id='word_1_39' title='bbox 1225 1041 1286 1132; x_wconf 83' lang='grc'>(2).</span> 
     </span>
     <span class='ocr_line' id='line_1_6' title="bbox 346 1157 1290 1252; baseline -0.012 -23"><span class='ocrx_word' id='word_1_40' title='bbox 346 1165 381 1230; x_wconf 91' lang='lat' dir='ltr'>ld</span> <span class='ocrx_word' id='word_1_41' title='bbox 394 1176 499 1230; x_wconf 83' lang='lat' dir='ltr'>autem</span> <span class='ocrx_word' id='word_1_42' title='bbox 516 1166 625 1252; x_wconf 84' lang='lat' dir='ltr'>negari</span> <span class='ocrx_word' id='word_1_43' title='bbox 645 1167 773 1250; x_wconf 87' lang='lat' dir='ltr'>nequit,</span> <span class='ocrx_word' id='word_1_44' title='bbox 794 1164 916 1228; x_wconf 87' lang='lat' dir='ltr'>climate</span> <span class='ocrx_word' id='word_1_45' title='bbox 931 1160 1029 1238; x_wconf 88' lang='lat' dir='ltr'>effici,</span> <span class='ocrx_word' id='word_1_46' title='bbox 1050 1169 1084 1223; x_wconf 87' lang='lat' dir='ltr'>ut</span> <span class='ocrx_word' id='word_1_47' title='bbox 1105 1158 1159 1223; x_wconf 89' lang='lat' dir='ltr'>alii</span> <span class='ocrx_word' id='word_1_48' title='bbox 1179 1157 1290 1242; x_wconf 87' lang='lat' dir='ltr'>populi</span> 
     </span>
     <span class='ocr_line' id='line_1_7' title="bbox 302 1270 1293 1375; baseline -0.008 -35"><span class='ocrx_word' id='word_1_49' title='bbox 302 1277 492 1364; x_wconf 79' lang='lat' dir='ltr'>imaginandi</span> <span class='ocrx_word' id='word_1_50' title='bbox 511 1277 575 1341; x_wconf 85' lang='lat' dir='ltr'>vim</span> <span class='ocrx_word' id='word_1_51' title='bbox 605 1278 789 1342; x_wconf 80' lang='lat' dir='ltr'>creatricem</span> <span class='ocrx_word' id='word_1_52' title='bbox 811 1273 954 1340; x_wconf 81' lang='lat' dir='ltr'>eximiam</span> <span class='ocrx_word' id='word_1_53' title='bbox 980 1272 1131 1348; x_wconf 84' lang='lat' dir='ltr'>babeant,</span> <span class='ocrx_word' id='word_1_54' title='bbox 1155 1279 1188 1375; x_wconf 72' lang='lat' dir='ltr'>ct</span> <span class='ocrx_word' id='word_1_55' title='bbox 1209 1270 1293 1333; x_wconf 82' lang='lat' dir='ltr'>vitae</span> 
     </span>
     <span class='ocr_line' id='line_1_8' title="bbox 285 1382 1292 1473; baseline -0.01 -19"><span class='ocrx_word' id='word_1_56' title='bbox 285 1388 489 1466; x_wconf 82' lang='lat' dir='ltr'>monachali,</span> <span class='ocrx_word' id='word_1_57' title='bbox 511 1389 594 1452; x_wconf 88' lang='lat' dir='ltr'>item</span> <span class='ocrx_word' id='word_1_58' title='bbox 604 1387 795 1473; x_wconf 87' lang='lat' dir='ltr'>phantasiae,</span> <span class='ocrx_word' id='word_1_59' title='bbox 814 1399 909 1473; x_wconf 86' lang='lat' dir='ltr'>atque</span> <span class='ocrx_word' id='word_1_60' title='bbox 927 1384 1120 1472; x_wconf 70' lang='lat' dir='ltr'>poematibus</span> <span class='ocrx_word' id='word_1_61' title='bbox 1139 1382 1292 1468; x_wconf 73' lang='lat' dir='ltr'>religiosis</span> 
     </span>
     <span class='ocr_line' id='line_1_9' title="bbox 304 1495 1292 1586; baseline -0.01 -20"><span class='ocrx_word' id='word_1_62' title='bbox 304 1501 502 1566; x_wconf 84' lang='lat' dir='ltr'>conficiendis</span> <span class='ocrx_word' id='word_1_63' title='bbox 537 1501 686 1586; x_wconf 79' lang='lat' dir='ltr'>aptissimi</span> <span class='ocrx_word' id='word_1_64' title='bbox 721 1500 800 1580; x_wconf 90' lang='lat' dir='ltr'>sint;</span> <span class='ocrx_word' id='word_1_65' title='bbox 840 1499 906 1564; x_wconf 84' lang='lat' dir='ltr'>aliis</span> <span class='ocrx_word' id='word_1_66' title='bbox 936 1518 1051 1584; x_wconf 84' lang='lat' dir='ltr'>magno</span> <span class='ocrx_word' id='word_1_67' title='bbox 1082 1517 1155 1560; x_wconf 89' lang='lat' dir='ltr'>cum</span> <span class='ocrx_word' id='word_1_68' title='bbox 1185 1495 1292 1567; x_wconf 81' lang='lat' dir='ltr'>laboro</span> 
     </span>
     <span class='ocr_line' id='line_1_10' title="bbox 305 1600 1288 1697; baseline -0.01 -20"><span class='ocrx_word' id='word_1_69' title='bbox 305 1635 423 1677; x_wconf 82' lang='lat' dir='ltr'>crassae</span> <span class='ocrx_word' id='word_1_70' title='bbox 440 1623 471 1675; x_wconf 92' lang='lat' dir='ltr'>et</span> <span class='ocrx_word' id='word_1_71' title='bbox 491 1633 578 1675; x_wconf 87' lang='lat' dir='ltr'>merc</span> <span class='ocrx_word' id='word_1_72' title='bbox 588 1633 754 1697; x_wconf 87' lang='lat' dir='ltr'>corporeae</span> <span class='ocrx_word' id='word_1_73' title='bbox 766 1600 920 1697; x_wconf 79' lang='lat' dir='ltr'>quaedam</span> <span class='ocrx_word' id='word_1_74' title='bbox 930 1600 1070 1673; x_wconf 77' lang='lat' dir='ltr'>n&#39;otiones</span> <span class='ocrx_word' id='word_1_75' title='bbox 1081 1600 1288 1682; x_wconf 71' lang='lat' dir='ltr'>inculcentun</span> 
     </span>
     <span class='ocr_line' id='line_1_11' title="bbox 305 1712 1291 1807; baseline -0.007 -21"><span class='ocrx_word' id='word_1_76' title='bbox 305 1723 357 1786; x_wconf 87' lang='lat' dir='ltr'>alii</span> <span class='ocrx_word' id='word_1_77' title='bbox 383 1723 503 1786; x_wconf 76' lang='lat' dir='ltr'>facilius</span> <span class='ocrx_word' id='word_1_78' title='bbox 534 1723 689 1788; x_wconf 87' lang='lat' dir='ltr'>abstracte</span> <span class='ocrx_word' id='word_1_79' title='bbox 719 1723 914 1787; x_wconf 85' lang='lat' dir='ltr'>considerare</span> <span class='ocrx_word' id='word_1_80' title='bbox 942 1712 1233 1807; x_wconf 77' lang='lat' dir='ltr'>queant&#39;dogma&#39;ta</span> <span class='ocrx_word' id='word_1_81' title='bbox 1260 1726 1291 1780; x_wconf 89' lang='lat' dir='ltr'>et</span> 
     </span>
     <span class='ocr_line' id='line_1_12' title="bbox 305 1829 1294 1923; baseline -0.004 -26"><span class='ocrx_word' id='word_1_82' title='bbox 305 1856 352 1898; x_wconf 85' lang='lat' dir='ltr'>res</span> <span class='ocrx_word' id='word_1_83' title='bbox 372 1834 570 1919; x_wconf 88' lang='lat' dir='ltr'>incorporeas</span> <span class='ocrx_word' id='word_1_84' title='bbox 589 1835 707 1921; x_wconf 87' lang='lat' dir='ltr'>absque</span> <span class='ocrx_word' id='word_1_85' title='bbox 725 1835 867 1923; x_wconf 83' lang='lat' dir='ltr'>figmenti</span> <span class='ocrx_word' id='word_1_86' title='bbox 889 1856 948 1919; x_wconf 91' lang='lat' dir='ltr'>ope</span> <span class='ocrx_word' id='word_1_87' title='bbox 967 1831 1025 1922; x_wconf 84' lang='lat'><strong>(3).</strong></span> <span class='ocrx_word' id='word_1_88' title='bbox 1061 1833 1207 1921; x_wconf 73' lang='lat' dir='ltr'>Egregios</span> <span class='ocrx_word' id='word_1_89' title='bbox 1228 1829 1294 1894; x_wconf 88' lang='lat' dir='ltr'>buo</span> 
     </span>
     <span class='ocr_line' id='line_1_13' title="bbox 306 1936 1290 2029; baseline -0.006 -17"><span class='ocrx_word' id='word_1_90' title='bbox 306 1938 532 2012; x_wconf 78' lang='lat' dir='ltr'>observationes</span> <span class='ocrx_word' id='word_1_91' title='bbox 557 1947 668 2011; x_wconf 88' lang='lat' dir='ltr'>adtulit</span> <span class='ocrx_word' id='word_1_92' title='bbox 692 1948 956 2025; x_wconf 76' lang='lat' dir='ltr'>uonrnso&#39;otvsos,</span> <span class='ocrx_word' id='word_1_93' title='bbox 973 1947 1117 2010; x_wconf 66' lang='lat' dir='ltr'>maximil-</span> <span class='ocrx_word' id='word_1_94' title='bbox 1130 1936 1215 2029; x_wconf 68' lang='lat' dir='ltr'>parte</span> <span class='ocrx_word' id='word_1_95' title='bbox 1231 1942 1290 2007; x_wconf 86' lang='lat' dir='ltr'>de·</span> 
     </span>
     <span class='ocr_line' id='line_1_14' title="bbox 305 2050 1293 2124; baseline -0.005 0"><span class='ocrx_word' id='word_1_96' title='bbox 305 2070 421 2124; x_wconf 82' lang='lat' dir='ltr'>sumtus</span> <span class='ocrx_word' id='word_1_97' title='bbox 453 2082 489 2122; x_wconf 83' lang='lat' dir='ltr'>ex</span> <span class='ocrx_word' id='word_1_98' title='bbox 518 2052 695 2124; x_wconf 78' lang='lat' dir='ltr'>itineribus</span> <span class='ocrx_word' id='word_1_99' title='bbox 714 2050 1013 2124; x_wconf 72' lang='lat' dir='ltr'>missa&#39;onarsoricm.</span> <span class='ocrx_word' id='word_1_100' title='bbox 1053 2059 1174 2122; x_wconf 89' lang='lat' dir='ltr'>Horum</span> <span class='ocrx_word' id='word_1_101' title='bbox 1199 2055 1293 2121; x_wconf 86' lang='lat' dir='ltr'>leotio</span> 
     </span>
     <span class='ocr_line' id='line_1_15' title="bbox 304 2164 1294 2256; baseline -0.003 -23"><span class='ocrx_word' id='word_1_102' title='bbox 304 2174 407 2256; x_wconf 72' lang='grc' dir='ltr'>ἰρουιη</span> <span class='ocrx_word' id='word_1_103' title='bbox 432 2170 525 2232; x_wconf 89' lang='lat' dir='ltr'>etiam</span> <span class='ocrx_word' id='word_1_104' title='bbox 553 2174 590 2233; x_wconf 87' lang='lat' dir='ltr'>eb</span> <span class='ocrx_word' id='word_1_105' title='bbox 617 2171 717 2247; x_wconf 80' lang='lat' dir='ltr'>duait,</span> <span class='ocrx_word' id='word_1_106' title='bbox 741 2182 777 2233; x_wconf 92' lang='lat' dir='ltr'>ut</span> <span class='ocrx_word' id='word_1_107' title='bbox 799 2170 889 2235; x_wconf 76' lang='lat' dir='ltr'>effata</span> <span class='ocrx_word' id='word_1_108' title='bbox 908 2164 1062 2256; x_wconf 72' lang='lat' dir='ltr'>quaedam</span> <span class='ocrx_word' id='word_1_109' title='bbox 1081 2171 1233 2253; x_wconf 84' lang='lat' dir='ltr'>proferret</span> <span class='ocrx_word' id='word_1_110' title='bbox 1253 2166 1294 2231; x_wconf 91' lang='lat' dir='ltr'>de</span> 
     </span>
     <span class='ocr_line' id='line_1_16' title="bbox 307 2281 1293 2370; baseline -0.001 -24"><span class='ocrx_word' id='word_1_111' title='bbox 307 2284 456 2370; x_wconf 85' lang='lat' dir='ltr'>religione</span> <span class='ocrx_word' id='word_1_112' title='bbox 475 2281 664 2360; x_wconf 73' lang='lat' dir='ltr'>Christiani,</span> <span class='ocrx_word' id='word_1_113' title='bbox 697 2305 779 2367; x_wconf 85' lang='lat' dir='ltr'>quae</span> <span class='ocrx_word' id='word_1_114' title='bbox 799 2283 961 2347; x_wconf 89' lang='lat' dir='ltr'>nonnullis</span> <span class='ocrx_word' id='word_1_115' title='bbox 992 2282 1171 2369; x_wconf 87' lang='lat' dir='ltr'>regionibus</span> <span class='ocrx_word' id='word_1_116' title='bbox 1191 2283 1293 2346; x_wconf 89' lang='lat' dir='ltr'>minus</span> 
     </span>
     <span class='ocr_line' id='line_1_17' title="bbox 307 2393 1294 2480; baseline -0.001 -21"><span class='ocrx_word' id='word_1_117' title='bbox 307 2405 378 2479; x_wconf 88' lang='lat' dir='ltr'>apta</span> <span class='ocrx_word' id='word_1_118' title='bbox 401 2393 576 2472; x_wconf 82' lang='lat' dir='ltr'>videretur,</span> <span class='ocrx_word' id='word_1_119' title='bbox 598 2417 693 2480; x_wconf 86' lang='lat' dir='ltr'>quam</span> <span class='ocrx_word' id='word_1_120' title='bbox 713 2396 798 2474; x_wconf 86' lang='lat' dir='ltr'>aliis,</span> <span class='ocrx_word' id='word_1_121' title='bbox 814 2398 890 2459; x_wconf 85' lang='lat' dir='ltr'>item</span> <span class='ocrx_word' id='word_1_122' title='bbox 911 2394 951 2460; x_wconf 91' lang='lat' dir='ltr'>de</span> <span class='ocrx_word' id='word_1_123' title='bbox 966 2396 1097 2460; x_wconf 87' lang='lat' dir='ltr'>climatis</span> <span class='ocrx_word' id='word_1_124' title='bbox 1117 2395 1294 2461; x_wconf 85' lang='lat' dir='ltr'>discrimine</span> 
     </span>
     <span class='ocr_line' id='line_1_18' title="bbox 306 2507 1294 2593; baseline 0.001 -23"><span class='ocrx_word' id='word_1_125' title='bbox 306 2509 387 2571; x_wconf 88' lang='lat' dir='ltr'>inter</span> <span class='ocrx_word' id='word_1_126' title='bbox 410 2507 553 2593; x_wconf 83' lang='lat' dir='ltr'>regiones</span> <span class='ocrx_word' id='word_1_127' title='bbox 581 2531 599 2573; x_wconf 88' lang='lat' dir='ltr'>a</span> <span class='ocrx_word' id='word_1_128' title='bbox 626 2510 783 2574; x_wconf 81' lang='lat' dir='ltr'>reformati</span> <span class='ocrx_word' id='word_1_129' title='bbox 806 2511 908 2575; x_wconf 74' lang='lat' dir='ltr'>cultus</span> <span class='ocrx_word' id='word_1_130' title='bbox 930 2509 1067 2585; x_wconf 82' lang='lat' dir='ltr'>asseclis,</span> <span class='ocrx_word' id='word_1_131' title='bbox 1092 2520 1124 2573; x_wconf 82' lang='lat' dir='ltr'>et</span> <span class='ocrx_word' id='word_1_132' title='bbox 1145 2533 1164 2573; x_wconf 89' lang='lat' dir='ltr'>a</span> <span class='ocrx_word' id='word_1_133' title='bbox 1183 2508 1294 2574; x_wconf 89' lang='lat' dir='ltr'>catho-</span> 
     </span>
     <span class='ocr_line' id='line_1_19' title="bbox 309 2618 1295 2708; baseline 0.002 -27"><span class='ocrx_word' id='word_1_134' title='bbox 309 2620 377 2684; x_wconf 84' lang='lat' dir='ltr'>licis</span> <span class='ocrx_word' id='word_1_135' title='bbox 406 2618 557 2684; x_wconf 84' lang='lat' dir='ltr'>babitatas</span> <span class='ocrx_word' id='word_1_136' title='bbox 581 2618 640 2708; x_wconf 83' lang='lat'>(4).</span> <span class='ocrx_word' id='word_1_137' title='bbox 681 2621 842 2705; x_wconf 86' lang='lat' dir='ltr'>Ejusmodi</span> <span class='ocrx_word' id='word_1_138' title='bbox 874 2622 936 2685; x_wconf 89' lang='lat' dir='ltr'>loci</span> <span class='ocrx_word' id='word_1_139' title='bbox 964 2618 1140 2685; x_wconf 83' lang='lat' dir='ltr'>videbimus</span> <span class='ocrx_word' id='word_1_140' title='bbox 1162 2631 1295 2707; x_wconf 87' lang='lat' dir='ltr'>quantas</span> 
     </span>
     <span class='ocr_line' id='line_1_20' title="bbox 307 2732 940 2824; baseline 0.003 -28"><span class='ocrx_word' id='word_1_141' title='bbox 307 2735 430 2796; x_wconf 78' lang='lat' dir='ltr'>animis</span> <span class='ocrx_word' id='word_1_142' title='bbox 450 2733 639 2824; x_wconf 65' lang='lat' dir='ltr'>coelestibus</span> <span class='ocrx_word' id='word_1_143' title='bbox 659 2736 735 2797; x_wconf 82' lang='lat' dir='ltr'>iras</span> <span class='ocrx_word' id='word_1_144' title='bbox 753 2732 940 2817; x_wconf 70' lang='lat' dir='ltr'>inspirarint.</span> 
     </span>
     <span class='ocr_line' id='line_1_21' title="bbox 316 2843 1298 2922; baseline 0.004 -18"><span class='ocrx_word' id='word_1_145' title='bbox 316 2870 322 2879; x_wconf 93' lang='lat'><em>·</em></span> <span class='ocrx_word' id='word_1_146' title='bbox 352 2845 422 2906; x_wconf 87' lang='lat' dir='ltr'>Huc</span> <span class='ocrx_word' id='word_1_147' title='bbox 442 2844 540 2906; x_wconf 84' lang='lat' dir='ltr'>ferme</span> <span class='ocrx_word' id='word_1_148' title='bbox 554 2843 685 2906; x_wconf 89' lang='lat' dir='ltr'>redeunt</span> <span class='ocrx_word' id='word_1_149' title='bbox 701 2845 857 2907; x_wconf 87' lang='lat' dir='ltr'>celebrata</span> <span class='ocrx_word' id='word_1_150' title='bbox 872 2856 1103 2922; x_wconf 77' lang='lat' dir='ltr'>nonrnsourvn&#39;</span> <span class='ocrx_word' id='word_1_151' title='bbox 1113 2846 1154 2909; x_wconf 84' lang='lat' dir='ltr'>de</span> <span class='ocrx_word' id='word_1_152' title='bbox 1171 2845 1298 2909; x_wconf 89' lang='lat' dir='ltr'>climate</span> 
     </span>
     <span class='ocr_line' id='line_1_22' title="bbox 299 2953 1298 3045; baseline 0 -27"><span class='ocrx_word' id='word_1_153' title='bbox 299 2956 434 3045; x_wconf 81' lang='lat' dir='ltr'>placita</span> <span class='ocrx_word' id='word_1_154' title='bbox 454 2954 653 3030; x_wconf 72' lang='lat' dir='ltr'>(doctrinam</span> <span class='ocrx_word' id='word_1_155' title='bbox 672 2954 757 3015; x_wconf 91' lang='lat' dir='ltr'>enim</span> <span class='ocrx_word' id='word_1_156' title='bbox 778 2953 882 3017; x_wconf 85' lang='lat' dir='ltr'>dicere</span> <span class='ocrx_word' id='word_1_157' title='bbox 901 2956 1005 3019; x_wconf 89' lang='lat' dir='ltr'>minus</span> <span class='ocrx_word' id='word_1_158' title='bbox 1023 2957 1186 3041; x_wconf 88' lang='lat' dir='ltr'>proprium</span> <span class='ocrx_word' id='word_1_159' title='bbox 1205 2954 1298 3018; x_wconf 83' lang='lat' dir='ltr'>vido-</span> 
     </span>
     <span class='ocr_line' id='line_1_23' title="bbox 307 3063 1297 3154; baseline 0.002 -24"><span class='ocrx_word' id='word_1_160' title='bbox 307 3063 408 3153; x_wconf 87' lang='lat' dir='ltr'>atur),</span> <span class='ocrx_word' id='word_1_161' title='bbox 436 3065 476 3129; x_wconf 90' lang='lat' dir='ltr'>de</span> <span class='ocrx_word' id='word_1_162' title='bbox 494 3065 607 3151; x_wconf 87' lang='lat' dir='ltr'>quibos</span> <span class='ocrx_word' id='word_1_163' title='bbox 623 3066 666 3130; x_wconf 89' lang='lat' dir='ltr'>sio</span> <span class='ocrx_word' id='word_1_164' title='bbox 682 3065 892 3150; x_wconf 86' lang='lat' dir='ltr'>judicandum</span> <span class='ocrx_word' id='word_1_165' title='bbox 910 3077 1003 3152; x_wconf 88' lang='lat' dir='ltr'>puto,</span> <span class='ocrx_word' id='word_1_166' title='bbox 1028 3067 1112 3154; x_wconf 91' lang='lat' dir='ltr'>quod</span> <span class='ocrx_word' id='word_1_167' title='bbox 1130 3066 1174 3134; x_wconf 77' lang='lat' dir='ltr'>A.</span> <span class='ocrx_word' id='word_1_168' title='bbox 1191 3066 1235 3133; x_wconf 81' lang='grc' dir='ltr'>Ν.</span> <span class='ocrx_word' id='word_1_169' title='bbox 1255 3067 1297 3133; x_wconf 80' lang='lat' dir='ltr'>de</span> 
     </span>
    </p>
   </div>
   <div class='ocr_carea' id='block_1_3' title="bbox 309 3201 533 3212">
    <p class='ocr_par' dir='ltr' id='par_1_3' title="bbox 309 3201 533 3212">
     <span class='ocr_line' id='line_1_24' title="bbox 309 3201 533 3212; baseline 0 0"><span class='ocrx_word' id='word_1_170' title='bbox 309 3201 533 3212; x_wconf 57' lang='grc'>*-</span> 
     </span>
    </p>
   </div>
   <div class='ocr_carea' id='block_1_4' title="bbox 341 3267 1213 3339">
    <p class='ocr_par' dir='ltr' id='par_1_4' title="bbox 341 3267 1213 3339">
     <span class='ocr_line' id='line_1_25' title="bbox 341 3267 1213 3339; baseline -0.001 -20"><span class='ocrx_word' id='word_1_171' title='bbox 341 3267 381 3337; x_wconf 87' lang='grc'>(1)</span> <span class='ocrx_word' id='word_1_172' title='bbox 399 3270 437 3319; x_wconf 78' lang='lat' dir='ltr'>Cf.</span> <span class='ocrx_word' id='word_1_173' title='bbox 454 3282 556 3334; x_wconf 76' lang='lat' dir='ltr'>nunu,</span> <span class='ocrx_word' id='word_1_174' title='bbox 574 3269 668 3330; x_wconf 64' lang='lat' dir='ltr'>idcio,</span> <span class='ocrx_word' id='word_1_175' title='bbox 687 3284 712 3316; x_wconf 76' lang='lat' dir='ltr'>v.</span> <span class='ocrx_word' id='word_1_176' title='bbox 725 3270 759 3319; x_wconf 88' lang='lat' dir='ltr'>ll.</span> <span class='ocrx_word' id='word_1_177' title='bbox 777 3270 802 3317; x_wconf 88' lang='lat'>1..</span> <span class='ocrx_word' id='word_1_178' title='bbox 814 3268 884 3319; x_wconf 83' lang='lat' dir='ltr'>Vlll.</span> <span class='ocrx_word' id='word_1_179' title='bbox 901 3284 922 3318; x_wconf 82' lang='lat' dir='ltr'>o.</span> <span class='ocrx_word' id='word_1_180' title='bbox 934 3269 958 3314; x_wconf 63' lang='grc' dir='ltr'>θ.</span> <span class='ocrx_word' id='word_1_181' title='bbox 979 3270 1077 3318; x_wconf 81' lang='lat' dir='ltr'>Lottres</span> <span class='ocrx_word' id='word_1_182' title='bbox 1097 3270 1129 3318; x_wconf 81' lang='grc' dir='ltr'>Ρ.</span> <span class='ocrx_word' id='word_1_183' title='bbox 1150 3271 1213 3339; x_wconf 43' lang='lat'>1252</span> 
     </span>
    </p>
   </div>
   <div class='ocr_carea' id='block_1_5' title="bbox 308 3363 1295 3523">
    <p class='ocr_par' dir='ltr' id='par_1_5' title="bbox 308 3363 1295 3523">
     <span class='ocr_line' id='line_1_26' title="bbox 344 3363 1293 3430; baseline 0.006 -20"><span class='ocrx_word' id='word_1_184' title='bbox 344 3363 380 3430; x_wconf 80' lang='lat'>(2)</span> <span class='ocrx_word' id='word_1_185' title='bbox 406 3366 583 3429; x_wconf 71' lang='lat' dir='ltr'>Saturninos,</span> <span class='ocrx_word' id='word_1_186' title='bbox 612 3363 665 3412; x_wconf 85' lang='lat' dir='ltr'>diss.</span> <span class='ocrx_word' id='word_1_187' title='bbox 692 3366 734 3411; x_wconf 68' lang='lat' dir='ltr'>cia</span> <span class='ocrx_word' id='word_1_188' title='bbox 753 3380 808 3430; x_wconf 76' lang='lat' dir='ltr'>pag.</span> <span class='ocrx_word' id='word_1_189' title='bbox 828 3366 861 3412; x_wconf 79' lang='lat'>60</span> <span class='ocrx_word' id='word_1_190' title='bbox 880 3381 933 3430; x_wconf 84' lang='lat' dir='ltr'>sqq·</span> <span class='ocrx_word' id='word_1_191' title='bbox 967 3364 1069 3413; x_wconf 86' lang='lat' dir='ltr'>multum</span> <span class='ocrx_word' id='word_1_192' title='bbox 1096 3366 1184 3414; x_wconf 88' lang='lat' dir='ltr'>tribuit</span> <span class='ocrx_word' id='word_1_193' title='bbox 1208 3367 1293 3416; x_wconf 83' lang='lat' dir='ltr'>formae</span> 
     </span>
     <span class='ocr_line' id='line_1_27' title="bbox 308 3454 1295 3523; baseline 0.009 -24"><span class='ocrx_word' id='word_1_194' title='bbox 308 3454 368 3501; x_wconf 85' lang='lat' dir='ltr'>coeli</span> <span class='ocrx_word' id='word_1_195' title='bbox 384 3472 425 3502; x_wconf 88' lang='lat' dir='ltr'>seu</span> <span class='ocrx_word' id='word_1_196' title='bbox 440 3458 520 3519; x_wconf 82' lang='lat' dir='ltr'>potius</span> <span class='ocrx_word' id='word_1_197' title='bbox 537 3457 606 3503; x_wconf 89' lang='lat' dir='ltr'>fictae</span> <span class='ocrx_word' id='word_1_198' title='bbox 631 3455 699 3503; x_wconf 84' lang='lat' dir='ltr'>illins</span> <span class='ocrx_word' id='word_1_199' title='bbox 726 3456 849 3520; x_wconf 83' lang='lat' dir='ltr'>planitiei,</span> <span class='ocrx_word' id='word_1_200' title='bbox 875 3472 946 3522; x_wconf 78' lang='lat' dir='ltr'>quam</span> <span class='ocrx_word' id='word_1_201' title='bbox 964 3456 1036 3521; x_wconf 80' lang='lat' dir='ltr'>vulgb</span> <span class='ocrx_word' id='word_1_202' title='bbox 1056 3458 1233 3523; x_wconf 76' lang='lat' dir='ltr'>firmamentum</span> <span class='ocrx_word' id='word_1_203' title='bbox 1251 3476 1295 3507; x_wconf 77' lang='lat' dir='ltr'>ro·</span> 
     </span>
    </p>
   </div>
   <div class='ocr_carea' id='block_1_6' title="bbox 310 3545 1386 3699">
    <p class='ocr_par' dir='ltr' id='par_1_6' title="bbox 310 3545 1386 3699">
     <span class='ocr_line' id='line_1_28' title="bbox 310 3545 1386 3621; baseline 0.01 -31"><span class='ocrx_word' id='word_1_204' title='bbox 310 3551 377 3604; x_wconf 86' lang='lat' dir='ltr'>cant,</span> <span class='ocrx_word' id='word_1_205' title='bbox 400 3549 481 3605; x_wconf 88' lang='lat' dir='ltr'>prouti</span> <span class='ocrx_word' id='word_1_206' title='bbox 504 3546 572 3621; x_wconf 65' lang='lat'>³¹.¹⁰‘¹,</span> <span class='ocrx_word' id='word_1_207' title='bbox 589 3561 695 3594; x_wconf 85' lang='lat' dir='ltr'>serenum</span> <span class='ocrx_word' id='word_1_208' title='bbox 721 3559 763 3595; x_wconf 83' lang='lat' dir='ltr'>ant</span> <span class='ocrx_word' id='word_1_209' title='bbox 786 3545 890 3595; x_wconf 88' lang='lat' dir='ltr'>nubibus</span> <span class='ocrx_word' id='word_1_210' title='bbox 907 3556 996 3596; x_wconf 85' lang='lat' dir='ltr'>tectum</span> <span class='ocrx_word' id='word_1_211' title='bbox 1012 3558 1053 3596; x_wconf 83' lang='lat' dir='ltr'>ant</span> <span class='ocrx_word' id='word_1_212' title='bbox 1071 3549 1225 3613; x_wconf 85' lang='lat' dir='ltr'>procellosum</span> <span class='ocrx_word' id='word_1_213' title='bbox 1243 3551 1294 3618; x_wconf 83' lang='lat' dir='ltr'>ple·</span> <span class='ocrx_word' id='word_1_214' title='bbox 1380 3605 1386 3613; x_wconf 56' lang='grc'>,</span> 
     </span>
     <span class='ocr_line' id='line_1_29' title="bbox 310 3637 958 3699; baseline 0.008 -19"><span class='ocrx_word' id='word_1_215' title='bbox 310 3637 409 3699; x_wconf 77' lang='lat' dir='ltr'>rumque</span> <span class='ocrx_word' id='word_1_216' title='bbox 425 3643 543 3698; x_wconf 84' lang='lat' dir='ltr'>appareat.</span> <span class='ocrx_word' id='word_1_217' title='bbox 954 3642 958 3649; x_wconf 94' lang='lat'>&#39;</span> 
     </span>
    </p>
   </div>
   <div class='ocr_carea' id='block_1_7' title="bbox 310 3724 1295 4070">
    <p class='ocr_par' dir='ltr' id='par_1_7' title="bbox 310 3724 1295 3976">
     <span class='ocr_line' id='line_1_30' title="bbox 317 3724 1295 3807; baseline 0.015 -34"><span class='ocrx_word' id='word_1_218' title='bbox 317 3762 320 3773; x_wconf 39' lang='grc' dir='ltr'><strong><em>ι</em></strong></span> <span class='ocrx_word' id='word_1_219' title='bbox 343 3724 381 3795; x_wconf 78' lang='lat'>(8)</span> <span class='ocrx_word' id='word_1_220' title='bbox 399 3728 436 3779; x_wconf 77' lang='lat' dir='ltr'>E.</span> <span class='ocrx_word' id='word_1_221' title='bbox 451 3726 476 3775; x_wconf 75' lang='lat' dir='ltr'>d.</span> <span class='ocrx_word' id='word_1_222' title='bbox 494 3727 526 3774; x_wconf 88' lang='lat' dir='ltr'>L.</span> <span class='ocrx_word' id='word_1_223' title='bbox 540 3724 622 3773; x_wconf 80' lang='lat' dir='ltr'>XXIV.</span> <span class='ocrx_word' id='word_1_224' title='bbox 642 3727 683 3787; x_wconf 86' lang='lat'>11,</span> <span class='ocrx_word' id='word_1_225' title='bbox 703 3727 746 3793; x_wconf 81' lang='lat' dir='ltr'>to,</span> <span class='ocrx_word' id='word_1_226' title='bbox 763 3728 808 3790; x_wconf 72' lang='lat'>213</span> <span class='ocrx_word' id='word_1_227' title='bbox 827 3728 900 3778; x_wconf 82' lang='lat' dir='ltr'>XXV.</span> <span class='ocrx_word' id='word_1_228' title='bbox 917 3733 943 3795; x_wconf 68' lang='grc' dir='ltr'>Β,</span> <span class='ocrx_word' id='word_1_229' title='bbox 962 3733 987 3780; x_wconf 77' lang='grc'>4.</span> <span class='ocrx_word' id='word_1_230' title='bbox 1023 3734 1061 3782; x_wconf 80' lang='lat' dir='ltr'>Cf.</span> <span class='ocrx_word' id='word_1_231' title='bbox 1078 3730 1147 3800; x_wconf 72' lang='lat' dir='ltr'>utto,</span> <span class='ocrx_word' id='word_1_232' title='bbox 1165 3738 1295 3807; x_wconf 75' lang='lat' dir='ltr'>Prioolpj,</span> 
     </span>
     <span class='ocr_line' id='line_1_31' title="bbox 310 3817 1295 3895; baseline 0.008 -28"><span class='ocrx_word' id='word_1_233' title='bbox 310 3819 328 3869; x_wconf 88' lang='lat' dir='ltr'>l.</span> <span class='ocrx_word' id='word_1_234' title='bbox 341 3821 382 3881; x_wconf 89' lang='lat' dir='ltr'>ll,</span> <span class='ocrx_word' id='word_1_235' title='bbox 400 3821 480 3893; x_wconf 74' lang='lat' dir='ltr'>c.12.¹</span> <span class='ocrx_word' id='word_1_236' title='bbox 503 3817 650 3893; x_wconf 72' lang='lat' dir='ltr'>Monacbicae</span> <span class='ocrx_word' id='word_1_237' title='bbox 668 3817 734 3866; x_wconf 82' lang='lat' dir='ltr'>vitae</span> <span class='ocrx_word' id='word_1_238' title='bbox 752 3820 868 3895; x_wconf 76' lang='lat' dir='ltr'>originem</span> <span class='ocrx_word' id='word_1_239' title='bbox 881 3820 1005 3891; x_wconf 69' lang='lat' dir='ltr'>aelimate</span> <span class='ocrx_word' id='word_1_240' title='bbox 1022 3822 1134 3887; x_wconf 81' lang='lat' dir='ltr'>derivari,</span> <span class='ocrx_word' id='word_1_241' title='bbox 1151 3843 1221 3893; x_wconf 79' lang='lat' dir='ltr'>aegre</span> <span class='ocrx_word' id='word_1_242' title='bbox 1240 3827 1295 3878; x_wconf 88' lang='lat' dir='ltr'>tulit</span> 
     </span>
     <span class='ocr_line' id='line_1_32' title="bbox 310 3907 943 3976; baseline 0.003 -16"><span class='ocrx_word' id='word_1_243' title='bbox 310 3910 386 3961; x_wconf 82' lang='lat' dir='ltr'>editor</span> <span class='ocrx_word' id='word_1_244' title='bbox 403 3909 585 3976; x_wconf 78' lang='lat' dir='ltr'>Neapolitanus,</span> <span class='ocrx_word' id='word_1_245' title='bbox 604 3927 628 3958; x_wconf 88' lang='lat' dir='ltr'>n.</span> <span class='ocrx_word' id='word_1_246' title='bbox 646 3907 676 3957; x_wconf 80' lang='lat' dir='ltr'>ad</span> <span class='ocrx_word' id='word_1_247' title='bbox 693 3912 728 3960; x_wconf 87' lang='lat' dir='ltr'>E.</span> <span class='ocrx_word' id='word_1_248' title='bbox 746 3910 772 3959; x_wconf 76' lang='lat' dir='ltr'>d.</span> <span class='ocrx_word' id='word_1_249' title='bbox 787 3913 817 3961; x_wconf 88' lang='lat' dir='ltr'>L.</span> <span class='ocrx_word' id='word_1_250' title='bbox 833 3911 898 3962; x_wconf 83' lang='lat' dir='ltr'>xlv.</span> <span class='ocrx_word' id='word_1_251' title='bbox 918 3915 943 3962; x_wconf 81' lang='lat'>7.</span> 
     </span>
    </p>

    <p class='ocr_par' dir='ltr' id='par_1_8' title="bbox 346 3989 1295 4070">
     <span class='ocr_line' id='line_1_33' title="bbox 346 3989 1295 4070; baseline 0.013 -23"><span class='ocrx_word' id='word_1_252' title='bbox 346 4002 382 4065; x_wconf 73' lang='grc'>(4)</span> <span class='ocrx_word' id='word_1_253' title='bbox 399 4003 436 4050; x_wconf 79' lang='lat' dir='ltr'>n.</span> <span class='ocrx_word' id='word_1_254' title='bbox 455 4003 479 4050; x_wconf 73' lang='lat' dir='ltr'>a.</span> <span class='ocrx_word' id='word_1_255' title='bbox 497 4005 525 4050; x_wconf 78' lang='lat' dir='ltr'>t.</span> <span class='ocrx_word' id='word_1_256' title='bbox 543 4002 626 4054; x_wconf 79' lang='lat' dir='ltr'>xxiv.</span> <span class='ocrx_word' id='word_1_257' title='bbox 639 4003 670 4066; x_wconf 79' lang='lat'>4,</span> <span class='ocrx_word' id='word_1_258' title='bbox 688 4003 717 4067; x_wconf 71' lang='lat'>⁶5</span> <span class='ocrx_word' id='word_1_259' title='bbox 739 4002 816 4052; x_wconf 79' lang='lat' dir='ltr'>xxv.</span> <span class='ocrx_word' id='word_1_260' title='bbox 834 4005 877 4069; x_wconf 84' lang='grc' dir='ltr'>ιι,</span> <span class='ocrx_word' id='word_1_261' title='bbox 897 4005 937 4052; x_wconf 80' lang='lat' dir='ltr'>rs.</span> <span class='ocrx_word' id='word_1_262' title='bbox 960 3989 999 4054; x_wconf 75' lang='lat' dir='ltr'>&#39;ns</span> <span class='ocrx_word' id='word_1_263' title='bbox 1016 4008 1130 4070; x_wconf 67' lang='lat' dir='ltr'>reson,</span> <span class='ocrx_word' id='word_1_264' title='bbox 1148 4006 1165 4057; x_wconf 85' lang='lat' dir='ltr'>t.</span> <span class='ocrx_word' id='word_1_265' title='bbox 1184 4025 1215 4059; x_wconf 57' lang='lat' dir='ltr'>a:</span> <span class='ocrx_word' id='word_1_266' title='bbox 1237 4008 1295 4058; x_wconf 70' lang='lat' dir='ltr'>»re</span> 
     </span>
    </p>
   </div>
   <div class='ocr_carea' id='block_1_8' title="bbox 311 4090 1296 4250">
    <p class='ocr_par' dir='ltr' id='par_1_9' title="bbox 311 4090 1296 4250">
     <span class='ocr_line' id='line_1_34' title="bbox 311 4090 1296 4168; baseline 0.009 -29"><span class='ocrx_word' id='word_1_267' title='bbox 311 4091 333 4139; x_wconf 74' lang='lat' dir='ltr'>tt</span> <span class='ocrx_word' id='word_1_268' title='bbox 351 4090 369 4138; x_wconf 89' lang='lat' dir='ltr'>il</span> <span class='ocrx_word' id='word_1_269' title='bbox 384 4093 478 4153; x_wconf 82' lang='lat' dir='ltr'>justifis</span> <span class='ocrx_word' id='word_1_270' title='bbox 496 4102 573 4140; x_wconf 86' lang='lat' dir='ltr'>tontes</span> <span class='ocrx_word' id='word_1_271' title='bbox 589 4092 623 4141; x_wconf 87' lang='lat' dir='ltr'>les</span> <span class='ocrx_word' id='word_1_272' title='bbox 640 4092 753 4157; x_wconf 74' lang='lat' dir='ltr'>religioni</span> <span class='ocrx_word' id='word_1_273' title='bbox 769 4097 867 4161; x_wconf 70' lang='lat' dir='ltr'>excepti</span> <span class='ocrx_word' id='word_1_274' title='bbox 884 4094 955 4161; x_wconf 83' lang='lat' dir='ltr'>celle,</span> <span class='ocrx_word' id='word_1_275' title='bbox 971 4099 1015 4163; x_wconf 76' lang='lat' dir='ltr'>qui</span> <span class='ocrx_word' id='word_1_276' title='bbox 1031 4115 1074 4163; x_wconf 82' lang='lat' dir='ltr'>par</span> <span class='ocrx_word' id='word_1_277' title='bbox 1084 4098 1134 4150; x_wconf 81' lang='lat' dir='ltr'>cela</span> <span class='ocrx_word' id='word_1_278' title='bbox 1145 4100 1196 4150; x_wconf 80' lang='lat' dir='ltr'>seul</span> <span class='ocrx_word' id='word_1_279' title='bbox 1208 4099 1296 4168; x_wconf 79' lang='lat' dir='ltr'>qu&#39;elle</span> 
     </span>
     <span class='ocr_line' id='line_1_35' title="bbox 311 4180 1086 4250; baseline 0.014 -21"><span class='ocrx_word' id='word_1_280' title='bbox 311 4197 335 4231; x_wconf 76' lang='lat' dir='ltr'>ss</span> <span class='ocrx_word' id='word_1_281' title='bbox 353 4180 446 4230; x_wconf 82' lang='lat' dir='ltr'>‹le&#39;olare</span> <span class='ocrx_word' id='word_1_282' title='bbox 463 4180 610 4231; x_wconf 82' lang='lat' dir='ltr'>‹livirrement</span> <span class='ocrx_word' id='word_1_283' title='bbox 627 4182 726 4245; x_wconf 60' lang='lat' dir='ltr'>lubin,</span> <span class='ocrx_word' id='word_1_284' title='bbox 742 4186 842 4250; x_wconf 80' lang='lat' dir='ltr'>prltentl</span> <span class='ocrx_word' id='word_1_285' title='bbox 859 4192 873 4236; x_wconf 76' lang='lat' dir='ltr'>l</span> <span class='ocrx_word' id='word_1_286' title='bbox 890 4186 1086 4242; x_wconf 74' lang='lat' dir='ltr'>l&#39;oniversalitl.“</span> 
     </span>
    </p>
   </div>
   <div class='ocr_carea' id='block_1_9' title="bbox 0 0 1466 5042">
    <p class='ocr_par' dir='ltr' id='par_1_10' title="bbox 0 0 1466 5042">
     <span class='ocr_line' id='line_1_36' title="bbox 0 0 1466 5042; baseline 0 0"><span class='ocrx_word' id='word_1_287' title='bbox 0 0 1466 5042; x_wconf 95' lang='lat' dir='ltr'> </span> 
     </span>
    </p>
   </div>
  </div>
 </body>
</html>
