2892 5042
584 481 647 540 139
700 514 704 521 ,

73 731 79 738 ,
119 655 314 743 sanctitatem
343 656 485 719 locorum
513 658 669 736 conserat,
700 670 760 723 etc.
800 660 972 745 Diligenter
989 660 1106 728 haecce

120 766 280 830 observata
298 767 338 831 ab
357 768 500 861 Auctore
516 769 553 833 N.
578 768 625 858 (1)

130 903 136 909 ·
161 878 332 944 Moralem
352 882 445 944 etiam
463 881 638 947 doctrinam
659 884 818 972 religionis
841 884 1029 970 plerumque
1048 886 1105 951 cli·

114 993 191 1056 mati
218 991 421 1077 aliquomodo
449 996 634 1072 convenire,
665 995 749 1060 unde
778 997 931 1083 originem
966 997 1105 1073 duxerite

113 1102 191 1167 item
211 1104 344 1167 innuere
364 1104 499 1181 videtur,
516 1127 617 1190 quum
636 1107 744 1171 laudet
758 1130 972 1173 nonnarum
995 1109 1104 1199 (lieri-

115 1212 202 1299 oani)
243 1215 380 1298 dictum,
421 1238 679 1304 unamquamque
717 1221 819 1285 cultris
852 1222 986 1284 formam
1015 1222 1135 1304 opti-'

113 1348 200 1395 mam
226 1350 292 1394 esse
313 1331 451 1413 populo,
480 1330 531 1395 cui
552 1332 625 1397 data
649 1344 736 1398 esset.
772 1335 907 1398 Ulterius
929 1331 988 1397 hac
1011 1333 1050 1397 de
1070 1357 1104 1397 re
1125 1414 1130 1421 .

113 1464 179 1507 non
202 1445 279 1529 agit.

159 1555 279 1621 Ultimo
301 1557 436 1641 denique
454 1557 524 1621 loco
542 1557 674 1621 veniunt
696 1557 872 1645 dogmata,
896 1579 977 1643 quae
996 1559 1102 1621 reveri

111 1668 277 1734 fatendum
302 1681 363 1746 est,
381 1669 496 1734 mirum
508 1672 554 1733 in
574 1670 702 1735 modum
724 1671 843 1736 diversa
863 1693 929 1736 esse
947 1691 1006 1755 pro
1022 1670 1102 1735 acris

40 1866 45 1874 .
110 1779 232 1845 diversi
252 1781 410 1867 temperie.

154 1894 299 1983 Primum
318 1895 413 1969 enim,
437 1895 522 1957 circa
538 1896 634 1957 uitam
658 1893 809 1969 futuram,
828 1894 1025 1978 singularum
1045 1915 1101 1959 na·

109 2010 237 2071 tionum
256 2004 429 2070 sacerdotes
450 2007 530 2090 ipsas
551 2004 663 2070 docere
682 2007 781 2071 solent
804 2027 861 2083 ea,
885 2027 968 2091 quae
988 2008 1101 2071 aaron

109 2118 166 2182 suri
189 2118 308 2201 optimc
324 2118 446 2182 valeant
467 2118 506 2182 ad
527 2117 770 2196 exhortandum,
794 2129 830 2182 ut
850 2129 981 2202 parcant
999 2119 1101 2183 moui·

109 2232 159 2307 tis,
177 2230 221 2295 ab
235 2229 394 2314 impietate
406 2252 438 2294 se
451 2230 636 2297 abstineant.
659 2230 696 2295 ld
707 2232 826 2296 factum
841 2231 1030 2318 plerumque
1045 2241 1101 2304 cst,

111 2365 172 2428 ope
199 2344 375 2429 imaginum
398 2365 434 2406 er
457 2343 638 2428 quotidiano
668 2366 777 2408 eorum
794 2344 1100 2429 victu,e1appeti-

109 2457 214 2532 tibus,
237 2455 367 2529 elocis,
390 2453 448 2518 ubi
466 2455 600 2519 maxime
621 2454 825 2533 delectantur,
847 2466 1030 2519 sumtarum.
1053 2456 1104 2527 lta

109 2566 317 2651 Esquimones
348 2587 471 2649 sperare
499 2565 653 2641 feruntur,
677 2567 737 2629 sibi
766 2575 989 2649 postmortem
1016 2585 1102 2628 com·
1176 2590 1189 2600 ’

109 2678 204 2741 moda
228 2676 407 2741 habitacula
426 2678 492 2741 sore
507 2677 613 2742 subter
631 2668 797 2743 Oceanum
814 2678 889 2754 sita,
910 2676 964 2740 ubi
983 2675 1101 2761 ahsquc

109 2790 218 2853 labore
243 2790 367 2873 capiant
390 2787 506 2874 phocas
527 2790 668 2875 aliasque
686 2791 823 2859 marinas
845 2788 989 2868 delicium
1014 2787 1099 2852 anti-

108 2903 165 2988 qui
189 2904 356 2979 Germani,
379 2914 541 2968 coenaret
562 2903 728 2969 cerevisiae
743 2903 874 2988 pocula3
898 2901 1011 2968 Gracci
1030 2901 1095 2965 fer-

108 3014 178 3078 tiles
195 3015 253 3077 sibi
272 3014 432 3098 fingebant
452 3015 550 3078 valles
567 3026 599 3076 et
619 3016 715 3077 vitam
734 3014 1003 3096 puriintellecttis‚
1020 3012 1097 3076 dum

109 3135 217 3188 tamen
247 3122 379 3206 pulcher
413 3124 548 3206 corporis
581 3123 706 3187 habitus
740 3133 929 3201 servaretur3
961 3122 1097 3186 Orientis

111 3235 223 3321 populi
252 3233 396 3318 plerique
428 3244 567 3298 aeternas
600 3254 748 3297 sensuum
768 3233 953 3318 voluptatem
986 3233 1095 3299 Judaei

39 3344 41 3347 ’
110 3356 314 3410 restauratam
336 3346 463 3422 Urbem,
489 3366 620 3431 eamque
644 3355 773 3430 auroet
794 3345 924 3433 gemmis
941 3344 1095 3423 refertam3
1133 3357 1140 3365 ⁴

108 3459 198 3545 Nigri
223 3458 301 3521 servi
327 3457 462 3521 reditum
487 3457 520 3520 in
547 3458 681 3543 patriam
710 3467 841 3538 terram3
866 3456 937 3522 lndi
955 3459 1094 3546 quietem

28 3560 33 3568 ’
109 3582 140 3636 ct
167 3570 462 3655 contemplationem
490 3583 681 3656 perpetuam.
723 3571 891 3638 Gultissimi
909 3571 1038 3638 demum
1065 3581 1096 3633 et

109 3683 308 3751 eruditissimi
335 3683 443 3769 populi
475 3688 511 3747 eb
538 3686 723 3769 pervendic,
755 3696 791 3746 ut
816 3683 983 3752 senserint,
1008 3673 1114 3740 'vires'

72 3835 75 3840 ,
108 3797 238 3862 bumani
257 3796 376 3882 ingenii
393 3794 477 3860 haud
498 3796 612 3871 valere,
629 3805 665 3856 ut
683 3794 767 3854 ritae
784 3791 910 3854 suturae
930 3787 1047 3852 claram
1068 3799 1099 3852 et

143 4050 182 4118 (l)
198 4054 232 4102 E.
245 4053 269 4101 d.
281 4054 312 4101 L.
327 4050 412 4099 xxiv.
432 4051 472 4111 11,
492 4047 608 4110 ra-am
627 4044 702 4095 XXV.
720 4046 737 4092 3
755 4055 818 4092 extr·
835 4046 1004 4108 Sidenum,
1024 4045 1096 4093 Dira.

111 4145 140 4192 do
159 4146 222 4192 coeli
238 4145 268 4193 in
285 4144 384 4206 pennis
402 4143 469 4190 tou.
490 4142 586 4189 salutm
604 4141 647 4200 oi,
666 4153 720 4203 pag.
737 4138 782 4189 68.
