2892 5042
814 511 854 571 40

335 696 474 758 firmatur
488 692 662 756 innumeris
675 691 819 754 Auctoris
839 687 1091 774 digressionibus,
1115 707 1193 770 quas
1214 688 1323 750 afferre

336 804 489 869 natans
507 803 587 867 foret
597 802 695 879 labor,
708 801 794 865 unde
806 802 879 864 verb
898 810 1036 884 apparet,
1052 797 1122 861 illos
1133 799 1217 880 locos
1228 802 1327 864 maxi·

336 939 389 1006 mo
413 918 523 983 ardore
540 929 571 980 et
593 916 695 982 studio
716 916 899 991 elaboratos,
923 914 978 1003 qui
1000 913 1122 999 singula
1137 913 1220 977 facta
1230 911 1326 977 histo-

337 1032 402 1096 rica
422 1031 472 1095 vel
497 1029 639 1114 exempla
666 1028 842 1107 contincat3
871 1037 985 1112 atque,
1016 1026 1147 1090 simulac
1170 1026 1325 1110 placitum

337 1143 512 1207 universale
539 1141 696 1227 quoddam
722 1141 836 1225 scripto
858 1139 1033 1205 condiderit
1057 1159 1322 1216 commessurus,

337 1256 482 1322 festinare
513 1277 584 1319 oum
608 1253 656 1340 (ut
683 1254 728 1318 ita
760 1253 893 1336 dicam),
929 1260 965 1314 ut
989 1272 1084 1336 quam
1106 1250 1252 1316 citissime
1273 1272 1328 1314 se-

338 1378 452 1452 quatur
475 1368 543 1450 ejus
564 1364 742 1450 applicandi
767 1365 856 1428 ratio.

811 1543 863 1609 IV.

383 1711 467 1789 Quid
491 1711 585 1771 sero?
609 1709 633 1771 si
655 1708 716 1769 illis
736 1704 967 1772 assentiendum
987 1706 1035 1781 sit,
1059 1707 1114 1789 qui
1131 1702 1325 1788 perhibeant,

337 1819 420 1883 mali
448 1818 510 1882 tide
532 1828 687 1882 versatum
714 1838 778 1880 esso
805 1817 842 1879 A.
866 1817 903 1882 N.
932 1814 1113 1880 incitandis
1141 1817 1261 1901 scriptis
1293 1828 1325 1880 et

336 1930 442 2009 Iactis,
464 1942 500 1995 ut
518 1929 878 1995 historicamveritatem
902 1938 1099 2013 postponeret
1127 1929 1325 2012 opinionibus

335 2044 555 2128 praejudicatis
574 2043 648 2106 suis.
678 2043 787 2106 Gravis
808 2042 852 2105 ita
871 2040 1009 2105 criminis
1030 2062 1100 2104 reus
1119 2039 1221 2105 evadit
1237 2043 1326 2105 Aue·-

336 2166 399 2232 tor;
424 2155 524 2216 multb
546 2165 653 2217 autem
676 2155 806 2218 minoris
830 2175 886 2218 nos
907 2153 1022 2217 ducere
1049 2153 1205 2237 oportebit
1226 2176 1326 2219 accu-

281 2349 283 2360 .
337 2265 504 2341 sationem,
528 2266 553 2327 si
570 2264 803 2330 adtenderimus
818 2267 965 2352 exignum
983 2266 1325 2343 numerumlooorum,

336 2400 417 2464 quae
437 2376 621 2443 adferuntur
642 2402 660 2444 a
680 2379 817 2453 (luiticis,
842 2378 1025 2463 singulatIm
1037 2400 1108 2466 earn
1123 2380 1326 2445 assertionem

337 2490 467 2576 probare
490 2494 617 2557 conatis.

293 2631 296 2636 ·
379 2603 489 2668 Obiter
505 2605 666 2690 praecipui
683 2604 877 2670 memorandi
888 2605 1043 2669 videntur.
1068 2605 1251 2668 Ennasrsuu
1266 2626 1343 2672 au-.

336 2727 417 2795 tem,
441 2739 661 2794 canusinum,
693 2739 841 2781 nscnrnu
870 2718 1010 2794 mittam,
1041 2717 1159 2801 quippe
1186 2716 1242 2802 qui
1271 2728 1326 2781 aut

336 2828 592 2912 reprehenderint
602 2828 901 2902 minutasincuriae
920 2839 1026 2905 notas,
1049 2840 1115 2911 aut,
1139 2852 1158 2893 a
1180 2852 1327 2893 nonrm-

338 2957 451 3015 on1v1o
468 2938 699 3014 dissentientes,
718 2937 758 3001 de
778 2936 923 3002 historiae
943 2938 1020 3003 loeis
1032 2940 1234 3006 controversis
1249 2962 1324 3005 cum
1389 2961 1392 2970 ’

246 3061 251 3072 “
340 3074 377 3115 eo
397 3051 624 3115 contenderint.

380 3167 498 3234 Verum
509 3166 548 3231 da
559 3165 711 3231 maldfide
722 3167 866 3252 queritur
883 3177 915 3230 et
933 3167 1072 3242 dolorem
1084 3168 1209 3232 simulat
1227 3167 1325 3255 (quod

275 3269 278 3276 ¹
336 3292 496 3366 praestans
522 3283 569 3343 vir
588 3280 632 3344 ita
650 3301 716 3343 sese
737 3280 853 3344 abduci
872 3301 978 3363 passus
998 3280 1222 3346 sit‘sententiis
1240 3280 1327 3344 falsis
1437 3295 1438 3304 ¹

247 3371 270 3388 ⁹
336 3392 566 3478 praejudicatis)
599 3414 787 3456 vounanrus.
833 3393 978 3455 Attamen
1011 3389 1073 3458 tres
1104 3405 1158 3458 aut
1189 3404 1325 3479 quatuor

336 3505 430 3567 modo
460 3507 545 3567 locos
571 3503 686 3579 adfert,
719 3502 774 3565 ubi
797 3503 906 3566 reveri
926 3504 1127 3569 demonstret
1147 3504 1324 3571 historicam

337 3609 486 3704 ἅκριβείαν
505 3618 616 3700 pardm
644 3616 835 3680 observatam
866 3639 948 3693 esse,
981 3639 1116 3703 quorum
1138 3618 1325 3702 praecipuus

336 3731 391 3797 hic
408 3740 464 3795 est.
483 3768 528 3778 —
567 3729 676 3811 Quum
694 3728 811 3793 alicubi
834 3729 1028 3814 perhibuerit
1051 3752 1321 3808 uonnmomvrm,

337 3845 512 3931 principem
531 3837 674 3928 judicem
688 3864 754 3907 csse
771 3865 834 3907 non
853 3855 1003 3928 pportere,
1022 3844 1200 3929 exemplum
1212 3843 1324 3907 adtulit
1437 3863 1438 3874 ¹

339 3980 492 4022 uunovrcr
514 3959 608 4036 XIII,
633 3979 729 4045 quem
746 3956 819 4040 jure
840 3956 1017 4022 dehortatus
1038 3958 1132 4021 suerit
1151 3956 1281 4043 quidam
1304 3978 1322 4019 a

339 4070 477 4146 consilio,
495 4069 611 4153 judicis
636 4082 738 4156 partes
765 4070 877 4157 agendi
905 4071 939 4134 in
962 4069 1059 4144 causa„
1078 4070 1203 4155 capitali
1228 4068 1321 4132 Ducis

339 4204 377 4247 ns
401 4205 441 4245 na
465 4204 617 4246 vanusne.
653 4183 776 4247 Falsum
792 4183 962 4267 allegatum
982 4184 1161 4268 exemplum
1182 4184 1226 4248 ait
1245 4203 1320 4246 vos-
