2892 5042
817 495 930 609 n

346 749 424 799 oum
443 726 551 792 officiis
568 735 599 789 et
615 724 742 808 juribus
761 723 882 808 opinio,
894 722 1005 806 juncta
1023 716 1202 784 vehementi
1229 717 1335 785 studio

347 838 491 929 placendi
512 837 669 922 Principi3
698 835 805 922 qualia
822 834 998 900 aulicorum
1023 830 1183 917 ceteroqui
1210 833 1345 919 propria,

347 962 431 1018 sunt.
471 949 621 1017 Francioa
649 959 755 1012 autem
779 946 822 1011 ita
845 968 877 1011 se
901 944 1036 1010 hahebat
1054 965 1149 1030 gens,
1175 953 1213 1007 ut
1239 943 1339 1008 aulici

228 1046 234 1051 “
348 1086 450 1128 mores
472 1084 529 1151 per
545 1071 641 1124 totam
667 1060 829 1145 regionem
852 1057 1103 1125 extenderentur.
1142 1055 1245 1119 Solius
1270 1055 1337 1141 igi-

349 1184 401 1238 tur
415 1173 562 1239 Franciae
579 1192 743 1258 proceres,
762 1168 910 1235 Franciae
930 1167 1052 1235 ordines
1073 1166 1245 1254 privilegiis
1260 1167 1335 1231 fru-

348 1297 445 1361 entes,
465 1307 543 1370 quor
564 1283 712 1347 docuerat
728 1280 913 1347 diuturnum
928 1300 1080 1345 uuuovrcr
1097 1280 1171 1347 xlv
1188 1300 1335 1364 regnum,

345 1397 381 1461 in
401 1396 546 1463 omnibus
565 1394 655 1459 aulae
675 1392 852 1478 exemplum
872 1404 903 1456 ct
917 1393 1065 1478 principis
1077 1392 1334 1477 adprobationem

344 1508 468 1585 sectari,
480 1509 615 1572 lionoris
627 1505 765 1571 studium
778 1504 862 1571 iatud
881 1505 994 1570 sentire
1011 1515 1164 1590 poterant,
1181 1516 1278 1590 atquc
1294 1526 1333 1568 eo

345 1620 390 1685 ita
408 1621 609 1695 commoveri,
629 1629 665 1682 ut
684 1619 747 1682 axis
761 1617 841 1683 illud
860 1628 891 1681 et
905 1618 1044 1683 fidorum
1056 1617 1145 1681 ficret
1159 1616 1331 1704 regiminis.

346 1732 436 1811 Quae
453 1751 528 1794 oum
556 1730 599 1794 ita
627 1740 744 1804 essent,
775 1729 954 1814 aequalium
985 1751 1088 1795 mores
1118 1752 1179 1794 uec
1210 1728 1334 1804 laudat,

346 1860 407 1905 uec
432 1839 600 1923 vituperat,
629 1839 845 1904 tantummodo
873 1840 956 1907 bene
985 1840 1043 1905 sibi
1072 1841 1215 1929 cognitos
1237 1841 1333 1909 fuisse

345 1952 478 2018 ostendit
504 1973 758 2029 nonrmourvms
775 1951 832 2038 (1).
1232 1974 1239 1982 ’

390 2065 548 2145 Quoniam
579 2064 690 2149 igitur,
705 2064 881 2148 praecipuis
902 2063 979 2127 illis
1008 2064 1100 2141 locis,
1133 2064 1334 2130 monarchiae

344 2174 553 2257 adpellationc
569 2173 731 2237 Franciam
747 2173 947 2261 significavit,
964 2173 1049 2239 haud
1065 2173 1127 2240 alid
1153 2196 1227 2241 eum
1245 2197 1333 2259 spec-

345 2297 424 2351 tasse
462 2283 699 2349 existimandum
735 2296 797 2362 est,
831 2285 1091 2371 quotiescumque
1131 2284 1333 2371 diplomatica

345 2397 490 2472 consilia,
518 2395 714 2481 gubernandi
735 2396 823 2471 ratio,
855 2397 1032 2483 omniaque,
1053 2398 1185 2482 quaein
1200 2399 1333 2466 mirarem
1432 2466 1433 2469 ,

344 2507 495 2592 Principis
516 2517 547 2570 et
569 2505 768 2571 monarchiae
786 2506 975 2573 instituenda
995 2518 1100 2592 putat,
1124 2510 1289 2595 agitantur.

389 2621 516 2686 Praeter
526 2618 651 2695 haecce,
668 2598 836 2689 innumera
844 2617 878 2683 iu
896 2639 988 2701 opere
1001 2618 1331 2708 delugcm'olegum

344 2732 446 2817 capita
466 2742 538 2796 sunt
563 2731 657 2817 (quae
676 2728 858 2813 singillatim
874 2730 981 2808 citare,
1000 2752 1267 2815 supervacaneum
1279 2757 1333 2799 ar-

342 2839 473 2926 bitror),
506 2841 562 2903 uhi
580 2861 701 2918 causas,
726 2837 886 2916 indolem,
910 2839 1089 2907 historicum
1107 2845 1189 2922 vim,
1211 2857 1244 2910 et
1263 2849 1330 2911 nti-

343 2955 461 3018 litatem
484 2951 631 3024 ¹Franciue
652 2948 865 3015 institutorum
884 2952 1042 3030 adtendit,
1065 2979 1161 3043 quem
1178 2957 1212 3021 in
1232 2959 1329 3025 finem

342 3063 455 3151 proum
482 3061 578 3126 dubio
604 3060 740 3125 insertus
769 3072 814 3126 cst
844 3062 925 3128 liber
945 3067 1091 3134 xxvffl.
1136 3069 1327 3135 Procedeudi

343 3178 419 3241 item
447 3176 560 3240 formas
592 3185 623 3240 et
650 3196 752 3240 moras
781 3175 947 3242 Francicae
971 3178 1152 3263 multiplicis
1173 3180 1327 3267 jurispru-

343 3290 467 3359 dentiae
490 3287 630 3375 proprias
654 3287 855 3374 magnifacit
879 3287 912 3377 (
932 3286 1004 3374 Vl),
1023 3292 1222 3360 monarchiae
1248 3296 1327 3385 opti·

374 3553 411 3623 (1)
429 3556 464 3603 n.
487 3554 513 3601 a.
529 3555 559 3602 ι.
577 3555 623 3603 ιιι,
644 3560 668 3621 ¹3
687 3554 723 3634 ιι.
742 3558 774 3622 o,
785 3525 948 3620 iunonem,
968 3532 1324 3629 cssertsarre,10prqugea0

340 3648 434 3714 chaque
457 3660 573 3709 personne
596 3655 621 3694 et
643 3646 672 3696 de
695 3647 787 3714 chaque
807 3650 993 3705 condition...
1013 3664 1086 3720 peut,
1104 3656 1171 3719 joint
1188 3660 1201 3705 ri
1218 3657 1242 3705 la
1260 3657 1323 3708 force

340 3741 382 3794 des
398 3740 462 3804 loix,
481 3735 594 3789 conduirc
610 3753 641 3787 su
657 3736 702 3786 hut
719 3737 751 3788 du
762 3741 979 3810 geurerncment3”
996 3744 1070 3811 ihr,
1090 3747 1129 3797 »11
1142 3759 1180 3797 cst
1194 3750 1255 3816 vrci,
1267 3766 1323 3817 que,

337 3833 588 3907 philosophiquement
604 3830 712 3898 parlant,
731 3829 789 3881 c’cst
805 3850 839 3882 uu
856 3834 962 3885 honneur
979 3836 1053 3900 sadx,
1072 3841 1115 3906 qui
1133 3840 1231 3891 conduit
1248 3853 1327 3893 tontes

338 3931 374 3982 les
390 3930 478 3995 parties
495 3926 524 3974 de
541 3922 627 3989 l'etat3
646 3925 703 3973 mais
716 3934 754 3974 cet
771 3924 877 3976 honneur
894 3928 952 3978 faux
968 3937 1003 3977 est
1021 3932 1082 3979 aussi
1099 3931 1160 3980 utile
1178 3949 1208 3980 au
1225 3934 1322 4000 public,

340 4037 386 4088 que
403 4020 426 4067 le
445 4018 497 4067 vrai
512 4017 536 4066 le
553 4019 625 4066 serait
642 4033 687 4066 aux
705 4018 869 4084 particuliera,
888 4023 931 4086 qui
941 4023 1078 4086 pourraient
1096 4019 1210 4072 l’aroir.’'
1227 4025 1266 4075 ct.
1280 4027 1322 4077 1v.

339 4113 369 4176 ὓ,
389 4108 472 4175 ibique
490 4111 634 4171 sumemus
650 4126 674 4158 n.
695 4110 729 4170 ἀς
747 4110 778 4160 V.
800 4113 845 4176 ¹⁹3
866 4111 976 4182 mm·
993 4115 1028 4164 20
1044 4130 1095 4185 sqq.
1114 4115 1174 4165 trem
1189 4113 1272 4169 adeor
1287 4114 1325 4168 lc-

340 4220 378 4259 cor
394 4209 463 4255 notae
481 4210 603 4251 esromu
620 4201 722 4254 curioni
738 4200 834 4255 toliere
853 4202 958 4257 audine.
