2892 5042
587 518 627 578 45

108 689 159 767 di,
185 694 241 777 qui
260 693 298 756 de
314 694 435 757 tributis
455 694 676 773 deliberarent,
698 695 782 759 unde
802 695 875 779 ipsis
898 717 1013 759 nornen
1036 696 1096 759 suit

107 795 207 890 Papo
222 800 372 870 d'd'tats.
396 808 438 871 Ar
453 806 548 893 erbis
568 807 733 893 quasdam,
754 808 801 872 uti
821 806 1054 893 Delphinatum'
1066 820 1097 871 et

107 910 329 984 Narmandiam
348 920 421 1002 jure
443 919 498 983 illc
521 920 650 1004 privavit
677 915 853 987 nuuovrcus
873 922 946 1000 XV;
967 922 1001 984 iu
1021 921 1097 984 reli-

107 1030 200 1114 quis,
233 1032 367 1094 maxime
385 1032 584 1118 Burgundii,
606 1033 783 1110 Oocitanid,
807 1034 953 1098 Braceata
976 1034 1094 1122 Galba,

102 1140 298 1230 ‘Brittannia
318 1143 483 1207 effecerant
502 1144 582 1231 regii
601 1145 840 1230 gubernatores,
861 1155 895 1206 ut
913 1144 1022 1207 tributi
1037 1145 1095 1207 im·

105 1253 245 1335 ponendi
255 1254 407 1319 recusatio
417 1255 558 1339 exemplo
570 1267 696 1321 careret.
719 1257 839 1320 Revera
850 1250 1014 1341 igitnrbac
1021 1277 1093 1340 pro-

109 1363 228 1426 vinciae
247 1364 293 1426 uil
312 1364 493 1429 differebant
511 1389 530 1430 a
557 1366 684 1431 devictis
709 1363 1015 1456 (I’aysConquis),
1042 1368 1096 1431 nbi

108 1472 150 1537 de
172 1473 320 1536 divisione
340 1495 471 1538 onerum
489 1477 646 1559 simulque
664 1477 705 1539 'de
723 1477 828 1539 litibus
844 1480 881 1540 ed
901 1479 936 1540 in
955 1470 1097 1540 remotis
1128 1490 1129 1495 ’

104 1585 288 1667 judicarent
301 1586 406 1650 curiae
426 1587 530 1671 regiae
547 1586 753 1651 subsidiorum
778 1587 886 1675 (cours
898 1589 956 1653 des
976 1585 1096 1674 eides).

108 1697 248 1761 Tertium
269 1698 498 1781 provinciarum
519 1720 616 1783 genus
639 1697 748 1785 (Papa
768 1697 973 1786 d’electz'ons)
995 1700 1027 1763 id
1042 1723 1096 1786 pe-
1167 1768 1169 1777 s

109 1811 226 1874 cnliare
253 1808 404 1889 babebat,
427 1823 463 1873 ut
484 1811 629 1896 justitio
646 1833 681 1876 ea
702 1812 981 1877 administrativa
1006 1835 1095 1878 com·

108 1921 286 1984 mitteretur
304 1922 408 1986 electis
420 1922 532 2005 juratis
551 1944 587 1985 ex
603 1924 742 2006 ipsarum
756 1923 882 1999 incolis,
900 1946 978 2008 quos
992 1935 1095 1988 tamen

109 2014 285 2121 designaret
299 2038 374 2099 Rex.
396 2033 445 2097 Ad
456 2035 557 2098 curias
575 2035 784 2099 subsidiorum
800 2036 909 2121 ntique
920 2035 994 2100 binc
1004 2037 1095 2100 etiam

31 2188 32 2193 κ
110 2147 340 2230 provocabatur
367 2145 426 2227 (1).
480 2146 631 2210 Omnium
656 2159 760 2211 autem
785 2130 883 2214 ferme
909 2150 1095 2214 tributorum

111 2257 457 2329 reditdsoonduxerant
476 2258 632 2344 sexaginta
651 2260 811 2344 publicini
833 2260 1006 2349 (fermiers
1022 2263 1094 2350 gt-

109 2367 272 2456 πένητα),
294 2370 425 2455 quibus,
437 2369 470 2432 in
491 2392 541 2432 sex
560 2392 656 2434 annos
673 2373 878 2458 plerumque,
897 2373 1094 2456 locabantur,
1160 2450 1165 2468 ι

110 2482 261 2566 pecuniae
274 2509 276 2514 ·
288 2481 408 2544 summi
426 2481 511 2565 prins
533 2482 573 2546 ab
592 2482 665 2566 ipsis
685 2483 823 2567 depositi
842 2486 876 2547 in
900 2485 1095 2549 securitatem

111 2593 235 2667 aerarii,
261 2593 350 2674 cujus
372 2614 510 2654 summae
530 2593 661 2666 redibis,
672 2595 784 2674 juncto
805 2617 843 2657 eo
861 2597 945 2680 quod
962 2619 1095 2678 supere·

111 2714 158 2768 rat
187 2723 459 2787 nonnunquamve
483 2702 622 2784 tributis,
652 2704 844 2767 sufficiebant
876 2705 915 2768 ad
932 2706 1096 2770 immensas

11 2864 13 2867 .
112 2837 183 2900 opes
211 2815 248 2878 iis
277 2813 506 2899 comparandas.
562 2815 692 2888 Divitiae
718 2813 830 2879 horum
854 2817 1095 2901 publicanorum

111 2926 180 2991 eatis
205 2926 326 2990 odiosae
350 2937 437 2990 erant
459 2928 575 3011 populo
594 2928 709 2992 tributa
728 2929 869 2994 solventi.
915 2931 1095 2997 Contractis

111 3040 206 3123 spatio
215 3038 318 3115 finito,
330 3039 461 3102 rationes
479 3039 647 3104 reddebant
663 3041 821 3125 publicani
833 3043 965 3107 Consilio
974 3044 1095 3109 Privato

112 3163 144 3215 et
171 3152 344 3216 vendebant
371 3174 463 3215 suum
490 3174 614 3217 munus.
646 3153 853 3238 Reliquorum
878 3156 1093 3240 vectigalium,

37 3269 41 3276 ’
112 3264 296 3350 quaeregio
319 3263 446 3337 nomine
466 3263 734 3345 percipiebantur,
758 3285 832 3326 cura
856 3264 1017 3326 commissa
1032 3276 1096 3327 erat
1155 3278 1158 3291 ¹

111 3375 276 3439 duodecim
297 3373 406 3469 Curiis.
419 3373 572 3438 rationum
591 3373 773 3461 (obumbres
792 3373 851 3438 des
866 3373 1050 3463 Gomptes)(
1071 3372 1094 3463 ).

113 3596 324 3610 .—-———-—··—--

50 3740 55 3751 ι
122 3709 183 3779 ’(1)
202 3713 290 3761 caseo.
314 3712 360 3761 der
381 3713 494 3760 Stantis.
521 3708 552 3773 1,
575 3724 630 3774 pag.
659 3710 694 3758 88
718 3725 769 3776 sqq.
816 3711 953 3774 Maximae,
981 3710 1008 3772 l,
1023 3727 1049 3775 p.
1066 3713 1094 3775 1,

112 3819 163 3870 pag.
187 3805 254 3869 250,
279 3803 330 3851 288
357 3818 410 3868 sqq.
436 3801 465 3850 ad
482 3801 561 3850 finem.
577 3814 607 3848 nn
624 3813 653 3848 ta
672 3812 758 3867 cccix,
776 3801 866 3867 Θάσῳ.
883 3800 1002 3849 Moderne
1019 3799 1096 3866 (Paris

114 3897 189 3964 1788]
207 3897 235 3960 l,
251 3911 303 3962 pag.
321 3895 373 3944 276
391 3910 444 3961 sqq.

146 3986 180 4054 (2)
201 3989 288 4038 Gsselv.
305 3987 349 4036 dar
363 3989 475 4036 sesana
498 3986 524 4047 1,
542 4000 595 4050 pag.
609 3986 755 4033 llo-118.
774 3984 810 4031 Gl.
826 3985 856 4032 L.
867 3985 899 4032 P.
919 3982 962 4033 98.
993 3982 1028 4030 Dr
1040 3996 1098 4032 oco·

78 4067 82 4073 ’
113 4079 426 4143 innumerabilium,
435 4077 566 4141 missotti
579 4075 666 4142 dMqr.
676 4077 700 4124 to
712 4075 761 4123 duc
773 4072 917 4142 n’omdsrs,
931 4087 976 4126 etc.
996 4077 1095 4144 (flagae,

114 4169 192 4236 1727)
217 4186 240 4219 v.
263 4170 300 4235 11,
329 4185 383 4235 pag.
409 4169 458 4235 47,
483 4170 526 4235 qui
544 4169 651 4234 inprimis
669 4168 698 4218 de
716 4183 800 4234 magno
816 4178 982 4236 perceptorum
998 4185 1097 4219 numero
