2892 5042
594 521 695 585 89Υ

123 695 253 775 midiam
273 705 411 778 partem,
436 694 570 756 maxime
589 695 623 756 in
645 695 773 760 Francil
792 710 822 761 et
843 677 967 787 Anglit.
1000 704 1112 784 Qum.

123 819 192 869 tum
212 806 331 869 fructus
352 802 467 888 singuli
487 825 504 866 e
525 825 754 881 uorrmouirn
774 812 916 893 exemplo
934 812 1110 891 hauserint,

123 917 253 981 definitu
269 896 436 980 admodum
449 915 573 979 difficile
587 917 681 995 foret3
706 927 843 983 attamen
861 923 953 984 multi
972 924 1113 990 iacienda

123 1029 168 1090 ris
182 1028 266 1090 illius
287 1016 436 1109 exempli,
461 1026 528 1090 etsi
543 1027 722 1090 alterutriis
741 1027 839 1094 honos
860 1033 1043 1099 tribuendus
1063 1035 1111 1111 sit,

27 1179 29 1183 ,
105 1149 207 1203 *certe
246 1135 348 1223 potius
386 1158 614 1214 uonrrseurvn
647 1139 986 1221 considerationibus,
1016 1165 1112 1229 quam

120 1271 355 1315 norrncrsom
388 1248 540 1336 epistolis
569 1270 662 1332 snpra
690 1252 867 1315 memoratis
899 1253 1131 1346 assignandam*

120 1361 260 1445 putarim
281 1380 404 1424 causam
426 1359 551 1422 rationis
568 1359 635 1440 ejus
649 1358 896 1444 philosophicae,
913 1366 976 1449 quai
996 1363 1112 1429 saeculi

123 1468 181 1537 18i
202 1469 441 1555 historiographi
459 1469 606 1533 eminent.
644 1470 1113 1548 Bomncauox1usenim‚dum

119 1581 311 1666 patefaceret
328 1579 401 1642 vitia
421 1579 563 1662 priorum
583 1578 789 1662 scriptorum,
813 1580 932 1657 effecit,
956 1593 993 1644 ut
1012 1581 1113 1645 culti-

123 1714 192 1756 ores
218 1690 359 1754 homines
381 1688 578 1753 historiarum
602 1690 733 1753 lectores
754 1689 942 1755 desiderium
966 1694 1114 1756 sentirent

119 1792 252 1886 operum
285 1798 454 1884 ejusmodi,
486 1819 566 1883 quae
594 1801 744 1883 practices
768 1802 993 1869 observationes
1014 1815 1046 1868 et
1068 1826 1113 1869 sa-

118 1935 196 1977 nam
214 1913 345 1976 criticen
364 1923 394 1974 et
414 1890 671 1995 perspicuitatem¹
691 1914 832 1977 omnium
858 1917 963 1997 captui
986 1937 1114 1979 accom-

122 2023 280 2087 modatam
307 2023 433 2105 junctus
461 2018 627 2098 haberent3
659 2022 783 2100 talium,
815 2033 851 2085 ut
876 2024 972 2103 rerho
992 2023 1113 2099 dicatu,
1159 2024 1161 2027 ’

121 2137 216 2221 quale
238 2153 492 2209 uonrasourrrus
514 2130 660 2197 condidit.
696 2134 798 2217 Ipsam
828 2134 983 2199 scribendi
1012 2144 1043 2197 et
1060 2134 1113 2196 in-

121 2244 232 2329 primis
250 2242 405 2329 cogitaudi
427 2243 557 2306 formam
571 2245 682 2307 Noster
697 2245 877 2330 aequalibus
900 2245 1041 2310 ostendit.
1065 2247 1112 2309 Ex

123 2356 238 2441 quibus
264 2365 337 2418 aute
363 2375 469 2418 omncs
494 2354 701 2418 nominandus
724 2338 913 2433 sommus,
938 2378 1034 2442 quem
1054 2356 1114 2421 hoe

123 2467 157 2529 in
178 2476 244 2529 arte
261 2463 398 2548 junctim
420 2486 492 2527 cum
506 2466 615 2528 Nostro
634 2465 834 2530 dominatum
854 2489 925 2531 esse
944 2489 1001 2551 per
1013 2478 1113 2531 totum

124 2571 1112 2663 feresaeculumpraeo.celeberrimusanimadrertitcriticus(l).

122 2685 210 2749 Licet
230 2695 336 2748 autem
364 2683 402 2747 de
424 2682 551 2767 reliquis
581 2684 726 2777 operihus
743 2678 893 2749 historicis
914 2685 1111 2762 dubitemus,

124 2806 210 2861 certe
233 2805 336 2858 tamen
365 2794 540 2857 lislon'am
562 2794 782 2858 universalem
810 2817 865 2859 seu
887 2798 1048 2884 spectm
1072 2795 1114 2860 de

120 2910 271 2994 genialem
297 2906 458 2985 moretur,
481 2925 625 2989 quaeque
644 2926 718 2969 cum
739 2927 776 2970 eo
803 2904 968 2972 cohaerent
991 2907 1111 2972 minora

86 3050 88 3054 ·
124 3020 236 3103 scripta
253 3017 315 3106 (²l’
346 3017 493 3080 dehemus
517 3014 617 3079 studio
636 3037 748 3080 novam
772 3019 877 3082 lucem
900 3021 992 3083 rebus
1019 3019 1112 3104 gestis

122 3206 350 3216 =.—-——---

159 3320 195 3387 (l)
213 3321 300 3368 Josrru
316 3332 346 3365 rr
364 3317 475 3383 cninrru,
507 3319 623 3366 Tatlrau
641 3321 779 3381 tristemque
798 3319 828 3365 cla
857 3316 930 3366 t'ttat
947 3323 973 3366 et
992 3320 1035 3368 des
1050 3336 1111 3384 pro-

37 3470 39 3475 ,
120 3410 182 3478 gres
198 3410 227 3458 da
248 3414 274 3460 la
291 3409 423 3458 literature
433 3411 538 3470 Frena,
563 3409 652 3472 depuis
663 3409 731 3457 1789
746 3406 794 3475 (ed.
807 3407 902 3456 Parisiis
914 3407 989 3474 1836)
999 3409 1066 3476 chap.
1079 3413 1110 3477 V,

120 3515 176 3566 pag.
198 3502 260 3549 118:
278 3500 364 3548 ollem
380 3499 483 3548 hommes
500 3497 529 3548 de
539 3500 607 3564 ginis
618 3499 766 3549 dominaient
779 3499 851 3559 alorp.
880 3501 1043 3557 llotttttsoumc
1060 3501 1103 3552 dl-

122 3591 209 3638 crivtit
225 3588 249 3638 la
268 3589 401 3638 Grandem
421 3596 447 3637 et
468 3592 494 3637 la
513 3587 661 3652 Dboodeaoo
679 3588 781 3655 duplus
803 3592 933 3655 important
951 3590 992 3640 (les
1011 3592 1113 3658 peuples

122 3681 232 3744 ancient,
250 3696 338 3728 comme
355 3697 388 3728 un
399 3679 499 3729 Romaiu
516 3681 640 3729 servirent
655 3684 670 3728 ὲ
683 3681 756 3729 Rome
775 3690 799 3729 ct
815 3691 949 3745 regrettant
965 3682 989 3731 la
1005 3682 1110 3747 rtpubli·

123 3786 171 3836 que
186 3787 228 3819 sur
245 3771 280 3820 les
296 3770 375 3820 debris
392 3770 466 3820 meme
484 3770 513 3819 de
530 3769 646 3837 l'empire.
672 3771 857 3822 Alabrillente
874 3773 981 3820 tristata
993 3771 1023 3819 da
1034 3781 1113 3816 αω-

124 3874 163 3908 uss
179 3864 238 3928 ΧΠ,
257 3873 370 3927 rourum
385 3862 464 3911 faisait
480 3861 589 3911 succidet
606 3860 919 3911 I'Essaisorlesmoeurs
933 3860 1108 3920 desectione,

126 3960 151 4000 et
168 3952 191 4001 le
208 3952 284 4003 sie'ole
304 3955 333 4003 do
347 3964 411 3999 mult
428 3952 495 4015 xlv,
514 3968 651 4001 monumens
667 3951 811 4014 immortale,
835 3953 878 4015 qui
904 3966 933 3998 nc
960 3949 996 3997 lui
1013 3948 1109 4000 luissent

126 4059 201 4092 aucun
209 4042 269 4092 rival
279 4052 346 4091 entre
355 4041 390 4090 les
398 4041 524 4089 historiens
533 4040 662 4089 modernos.
681 4039 703 4087 ll
718 4049 754 4088 eat
768 4040 791 4088 le
805 4039 861 4089 chef
876 4038 947 4090 d’une
961 4039 1042 4091 teole”
1054 4052 1105 4094 etc.
1196 4038 1197 4045 ’

162 4130 197 4197 (2)
220 4132 315 4181 Scilicet
331 4134 397 4196 operi
415 4131 563 4195 praemissam
582 4129 744 4195 Ptuoeoptte
766 4131 795 4181 do
816 4129 964 4194 l'IIt'stor'ro,
984 4133 1109 4183 tutiorisin
