2892 5042
783 488 845 549 182

323 677 377 739 ssi
403 686 459 739 aut
479 696 633 739 ssrssoro
664 671 862 748 dissentiens,
894 680 929 733 ut
949 679 1071 732 tueatur
1098 667 1160 731 hoo
1190 664 1311 728 illudve

325 787 480 871 placitum
511 787 634 874 legebus
663 783 843 871 rigentibus
875 783 1044 858 sancitum,
1079 796 1310 854 tortuosorum

324 899 508 964 auctoritate
528 898 658 973 nititur,
681 919 708 962 e.
734 919 765 980 g.
787 896 843 959 ubi
860 895 900 959 de
920 893 1021 978 poeno
1038 890 1147 976 ospitis
1163 888 1312 954 servandi

327 1012 481 1094 disputa,
510 1008 614 1096 dequo
640 1028 812 1094 poenmum
832 1005 1010 1071 diversitate
1031 1025 1090 1090 pro
1108 1004 1192 1070 varis
1208 1003 1313 1069 deliu-

326 1122 493 1208 qnentium
510 1122 688 1189 conditione
707 1120 719 1210 (
743 1119 767 1207 ).

374 1236 440 1301 Neo
470 1236 587 1299 mirum
613 1244 677 1311 est,
708 1232 795 1297 hune
812 1231 924 1297 sorum
941 1230 1028 1316 plus,
1051 1228 1149 1315 quom
1165 1227 1314 1313 reliquos,

328 1368 567 1424 nosrrsomrm
587 1345 739 1410 tribuisse.
777 1344 921 1428 Namque
945 1342 1060 1427 etipse
1078 1338 1232 1405 historiois
1250 1352 1317 1407 stu-

329 1457 388 1522 diis
403 1458 483 1543 juris
510 1458 714 1534 incubuerat,
743 1466 776 1520 et
794 1453 978 1520 abhorrebat
994 1465 1145 1518 atemere
1164 1451 1316 1516 invehen-

330 1570 379 1634 dis
392 1570 524 1658 legibus,
547 1592 629 1656 quae
646 1568 787 1634 moribus
808 1578 839 1632 et
850 1567 1009 1632 doetrinae
1025 1568 1061 1630 in
1077 1566 1153 1630 foris
1172 1576 1319 1651 receptae
1364 1563 1368 1568 “

327 1683 422 1764 ‘plane
450 1693 672 1766 repugnarent.
715 1682 762 1744 Do
787 1679 862 1761 jure
897 1676 1115 1742 constituendo
1145 1679 1190 1742 ita
1216 1696 1317 1763 quum

329 1801 447 1879 ageret,
461 1792 534 1875 jure
546 1792 713 1856 constituto
729 1789 883 1875 imprimis
897 1790 1127 1872 nitebaturest3
1144 1802 1183 1854 et¹
1194 1791 1320 1877 quoties

331 1905 561 1991 mitigationem
570 1904 708 1989 aliquem
727 1904 804 1990 legis
820 1903 910 1970 erim.
925 1903 1083 1985 suaderet,
1100 1922 1177 1988 pree
1186 1902 1320 1986 reliquis

328 2019 409 2082 illud
431 2019 573 2103 urgebat,
590 2038 659 2103 eam
674 2017 841 2082 convenire
854 2018 983 2102 ingenio
1000 2015 1203 2100 antiquorum
1221 2012 1320 2078 eodi-

332 2150 407 2194 oum
433 2139 464 2191 et
485 2128 766 2205 consuetudinum,
793 2128 926 2213 quaein
950 2124 1098 2212 Hispanii
1128 2126 1184 2191 dia
1203 2126 1321 2212 rigue-

331 2250 410 2305 rsnt.
435 2240 503 2304 ¹Sic
531 2260 646 2324 poenas
674 2239 896 2314 mutilationis,
931 2239 1078 2322 capitales
1103 2236 1317 2323 qualificatus,

331 2349 568 2426 confiscationis,
578 2349 740 2434 ipsamque
748 2350 964 2434 quaestionem
972 2350 1155 2434 rejiciendas
1164 2331 1321 2413 essetune

330 2462 459 2526 demum
488 2463 610 2540 statuit,
634 2484 736 2548 quum
756 2473 877 2528 eertum
896 2465 953 2544 sit,
975 2482 1040 2526 nou
1062 2460 1163 2526 solum
1180 2460 1320 2546 pbiloso—

331 2575 437 2658 phiam
454 2585 485 2638 et
503 2573 741 2651 humanitatem,
759 2574 813 2654 sed
834 2585 866 2639 et
885 2585 1021 2639 veterem
1038 2572 1320 2658 jurisprudentiam

331 2687 531 2771 Hispanicum
547 2686 589 2750 ab
604 2686 642 2749 iis
658 2685 825 2750 abhorrere
835 2682 892 2773 (2).
915 2687 960 2750 Ex
971 2686 1087 2772 quibus
1099 2687 1247 2750 omnibus
1262 2707 1321 2769 pu·

334 2806 386 2871 tet,
406 2794 500 2880 hujus
519 2796 653 2880 regionis
672 2796 793 2880 legibus
815 2796 1014 2860 emendandis
1025 2816 1141 2882 magno
1161 2799 1235 2860 usui
1254 2816 1323 2860 esse

366 3123 404 3189 (1)
420 3112 555 3184 Diroiareo,
574 3138 624 3186 esp.
644 3119 675 3170 V.
692 3124 715 3170 S.
735 3121 773 3187 11,
792 3121 806 3186 ᾗ
823 3123 856 3182 5,
875 3123 922 3187 1⁰3
948 3139 998 3188 cap.
1017 3122 1060 3171 tv.
1079 3122 1103 3170 S.
1123 3123 1163 3186 11,
1181 3122 1195 3188 d
1214 3125 1249 3172 bd
1266 3141 1321 3190 sqq.

329 3213 425 3287 Ibidem
447 3224 527 3262 tamen
544 3212 559 3277 ᾗ
576 3213 610 3260 dt)
629 3211 728 3275 fatetur,
746 3213 853 3278 iniquius
873 3210 920 3262 sibi
940 3211 1029 3277 rideri,
1047 3215 1068 3263 si
1085 3212 1115 3261 ob
1127 3212 1192 3261 idem
1204 3213 1323 3264 delictum

329 3303 450 3352 honestior
471 3303 570 3365 mulcti,
589 3284 660 3352 iiiior
678 3305 755 3369 capite
771 3306 895 3370 puniatur.

365 3394 553 3461 (ufficone,
572 3411 622 3462 rap.
641 3396 714 3443 v.8.
733 3396 771 3461 11,
790 3395 909 3461 §ems
928 3396 978 3462 111,
999 3395 1057 3462 §13
1072 3397 1099 3444 8.
1118 3395 1149 3460 V,
1167 3396 1181 3460 d
1199 3396 1320 3460 10-1s‚

330 3485 372 3532 ubi
390 3484 420 3532 de
437 3502 483 3534 non
499 3487 650 3535 confiscandis
666 3487 736 3535 bonis
746 3488 834 3537 citatur
851 3501 944 3537 susurri
969 3489 1033 3553 regis
1050 3477 1216 3552 Aragoniensis
1234 3487 1274 3535 lex
1292 3490 1322 3553 δ,

333 3577 372 3623 tit.
389 3576 431 3639 sl,
448 3576 503 3623 Μ
522 3574 563 3640 (do
579 3578 623 3645 “¹⁸
639 3576 654 3620 7
669 3577 813 3643 pertidus).
830 3580 916 3643 legem
933 3590 1028 3625 rnrurrr
1044 3578 1070 3627 11
1088 3577 1117 3626 de
1134 3579 1258 3626 tormentis
1279 3594 1322 3627 rs-

333 3671 382 3718 rius
400 3665 539 3718 adhibendis
556 3663 655 3733 (157⁰),
673 3681 734 3732 quse
753 3676 788 3714 est
805 3669 832 3717 I..
848 3671 882 3734 Β,
901 3671 942 3717 tir.
961 3672 985 3734 1,
1002 3669 1020 3718 l.
1037 3670 1053 3717 o
1069 3668 1150 3737 (fuero
1161 3667 1257 3737 jungo)
1268 3668 1321 3717 lan·

333 3759 375 3808 dat
389 3775 440 3826 cap.
458 3760 489 3811 V.
507 3759 530 3808 8.
548 3759 597 3822 vl,
613 3759 626 3824 d
643 3760 669 3808 6.
696 3738 815 3823 thidemt
831 3756 866 3807 30
885 3758 982 3824 gaudet,
998 3759 1062 3825 quod
1080 3741 1267 3827 prorsus'ignots
1277 3759 1322 3807 su-

331 3855 378 3900 erit
400 3852 510 3917 ffispenis
529 3853 635 3918 quaestio
655 3867 697 3916 per
717 3860 849 3916 tormenta,
874 3850 947 3900 donee
964 3850 1054 3919 (1348)
1071 3851 1217 3918 probationis
1236 3851 1320 3901 subsi-

227 3945 232 3954 '
333 3943 421 4013 diariae
445 3941 496 3991 loco
520 3960 570 3991 eam
593 3944 700 4007 permisit
720 3954 834 3991 surossos
848 3942 891 3994 xl.
929 3941 997 3992 stibi
1009 3944 1047 4006 jos
1066 3946 1220 3992 constitutum
1237 3953 1320 3991 tuetur

331 4032 392 4078 cirea
412 4033 463 4080 sora
481 4032 638 4083 ecclesiastica
663 4043 687 4081 et
707 4050 806 4099 poenam
827 4034 947 4084 haereseos
967 4033 1107 4101 capitaiem3
1125 4051 1176 4101 cap.
1196 4035 1235 4100 11,
1253 4031 1267 4099 h
1285 4034 1316 4097 ⁶5

333 4138 383 4186 cap.
402 4123 443 4185 ιν,
462 4125 485 4173 s.
504 4126 544 4183 11,
562 4123 576 4186 o
592 4126 618 4173 a.
