2892 5042
559 512 565 522 ’
606 541 625 599 s

127 740 225 802 opere
236 717 342 781 multis
350 718 555 802 praecipuum
565 716 719 793 videatur,
742 720 877 802 plurima
895 731 1013 798 vetant,
1032 743 1110 807 quo·

127 831 233 895 mium
249 828 283 893 id
304 849 461 893 summum
471 829 615 894 Auctoris
633 831 827 914 propositum
844 833 937 896 fuisse
956 845 1111 917 putemus.

171 936 353 1019 Etenim,'si
368 941 407 1005 de
418 938 538 1026 Legum
556 941 688 1027 Ingenio
708 943 877 1027 scripsisset
899 944 1027 1009 consilio
1046 912 1110 1031 syi·

128 1053 249 1118 temntis
267 1053 340 1116 nori
358 1053 399 1116 de
411 1053 485 1136 jure
503 1052 632 1137 publico
651 1054 823 1132 condendi,
851 1065 936 1119 certe
962 1055 1114 1121 acuminis

128 1175 160 1228 at
175 1164 419 1250 judieiiequam
435 1166 579 1249 aequales
599 1165 629 1233 ei
646 1165 767 1250 saepius
786 1165 915 1244 dedere,
939 1167 1033 1232 laude
1052 1169 1116 1231 mi-

128 1276 215 1340 nime
235 1277 348 1362 dignus
369 1276 493 1354 fnisset,
527 1278 644 1361 quippe
673 1277 729 1361 qui
748 1288 871 1342 tanturn
896 1277 1055 1343 doctrinae
1076 1279 1115 1342 de

129 1389 223 1453 rebus
242 1389 284 1454 ab
299 1400 485 1474 argumento
504 1388 632 1464 alienis,
655 1399 812 1472 quantum
829 1392 915 1474 operi
941 1390 1039 1467 inest,
1061 1401 1117 1453 te-

129 1522 218 1563 mere
236 1501 448 1586 congessisset.
711 1506 713 1509 ’

175 1612 205 1674 ls
227 1611 337 1688 etiam,
359 1612 414 1696 qui
431 1610 483 1693 jus
501 1609 664 1692 publicum
688 1612 775 1676 univ.
799 1613 941 1676 consulte
961 1623 1120 1689 tractaret,
1170 1634 1174 1645 ·

131 1721 272 1806 profecto
290 1721 411 1785 nonita
429 1722 561 1804 carptim
576 1722 772 1806 quaestiones
787 1721 826 1787 de
845 1724 1030 1787 societatum
1050 1723 1123 1787 fun·

131 1833 297 1910 demente,
320 1832 422 1919 daque
440 1832 558 1897 mutuis
575 1832 692 1898 civium
710 1855 747 1898 ae
760 1834 983 1918 imperantium
998 1834 1125 1919 juribus

132 1956 349 2022 memorasset,
367 1967 404 2010 ac
425 1945 459 2008 in
478 1945 505 2009 1.
528 1946 629 2030 operis
647 1965 881 2021 uorrssoorvrr
900 1946 981 2008 libro
1004 1947 1124 2008 lactum

106 2038 110 2045 „
134 2059 301 2124 cernimus.
325 2059 444 2125 Verum
457 2046 576 2143 legenti
592 2054 769 2139 adparebit,
788 2055 959 2120 Auctorem
974 2055 1056 2118 libro
1070 2055 1128 2118 illo

133 2170 235 2235 sellim
255 2169 414 2234 declarare
441 2168 573 2231 voluisse
604 2177 635 2230 et
658 2165 812 2251 profiteri,
835 2166 950 2252 quibus
976 2164 1125 2232 adhaere-

137 2290 186 2344 ret
204 2280 325 2364 plaeitis
350 2280 390 2343 de
412 2278 492 2363 juris
520 2277 669 2343 naturalis
696 2289 728 2341 et
752 2278 872 2361 publici
894 2278 1122 2355 fondumentis,

137 2396 280 2477 utquam
299 2391 443 2456 citissime
459 2389 643 2474 procederet
660 2389 699 2454 ad
720 2390 936 2472 exponendam
957 2389 1129 2454 doctrinam

129 2503 178 2567 de
197 2504 297 2567 tribus
322 2501 511 2587 regiminum
535 2500 659 2574 formis,
683 2499 877 2584 totidemque
902 2521 1013 2564 earum
1033 2501 1130 2583 prin-

138 2614 238 2697 cipiis.
270 2615 340 2696 Ipsa
360 2610 436 2674 haec
458 2610 599 2677 doctriua
618 2630 655 2672 er
674 2610 742 2691 ejus
760 2611 911 2674 sententis
926 2631 992 2672 non
1010 2609 1073 2673 sola
1084 2620 1129 2672 est

140 2725 235 2805 ratio,
257 2723 310 2787 sed
331 2744 395 2796 una
425 2743 461 2785 ex
496 2719 685 2797 rationibus,
710 2716 845 2804 quarum
873 2728 1015 2804 respectu
1044 2719 1131 2805 leges

140 2835 279 2900 conditas
304 2833 518 2900 condendasve
539 2831 657 2897 attendi
678 2842 822 2917 oportere
845 2830 927 2897 dicat
950 2831 961 2920 (
983 2829 1008 2919 ).

186 2948 292 3029 Quid?
324 2948 348 3012 si
369 2945 558 3012 didacticum
583 2968 661 3030 opus
681 2944 721 3010 de
738 2946 812 3029 jure
838 2943 966 3029 publico
990 2962 1133 3008 uorans—

142 3083 268 3141 ourrrns
294 3061 431 3124 scribere
451 3040 612 3136 voluisset,
645 3058 784 3123 flosculis
808 3058 933 3143 aliquot
954 3077 990 3119 cx
1008 3055 1133 3120 historii

141 3175 250 3240 aliisve
268 3170 438 3255 disciplinis
456 3182 611 3245 ornatum,
633 3168 720 3232 nulla
731 3190 824 3232 causa
840 3168 957 3242 luisset,
973 3189 1031 3231 cur
1048 3167 1133 3228 riam
1162 3239 1168 3244 .

142 3311 162 3350 a
190 3281 400 3351 dmeeerihus
434 3282 539 3344 tritam
578 3280 737 3361 linqueret
767 3290 798 3341 et
828 3300 901 3341 eum
932 3287 1131 3361 argumentu-

145 3418 216 3460 rum
236 3416 352 3457 novum
371 3392 512 3456 ordinem
535 3399 719 3467 sectaretur,
751 3411 847 3476 quem
874 3388 994 3473 saepius
1018 3388 1132 3452 fatetur

90 3586 93 3591 θ
121 3529 295 3594 magnum
314 3507 372 3570 sibi
393 3505 531 3569 lahorem
543 3503 699 3588 peperisse
710 3500 771 3589 (2).
795 3504 899 3579 Porro,
923 3501 947 3563 si
965 3500 1035 3586 quis
1055 3501 1132 3566 exis-

146 3623 280 3696 timaret,
298 3642 364 3683 eam
377 3618 471 3682 fuisse
480 3616 626 3691 Auctoris
636 3616 672 3679 N.
686 3626 844 3693 merrtem,
867 3635 963 3700 quam
986 3613 1015 3677 ei
1036 3614 1133 3678 abne·

151 3761 378 3770 ——m

130 3880 134 3883 .
182 3828 220 3898 (1)
238 3835 272 3881 Ε.
292 3833 316 3882 d.
336 3834 365 3881 L.
382 3832 447 3881 Lu.

180 3924 222 3993 (2)
240 3926 277 3973 Cf.
295 3942 332 3974 re.
351 3936 376 3974 u.
393 3937 416 3976 rs.
436 3936 505 3983 rus,
523 3923 587 3971 diss.
607 3921 648 3969 lit.
667 3920 697 3967 de
709 3921 773 3986 jore
790 3913 893 3979 publico
914 3925 993 3973 usquo
1011 3907 1045 3956 orl
1062 3916 1134 3954 uonn-

146 4030 211 4081 umt3
238 4028 263 4065 et
289 4016 367 4081 ejusd.
387 4017 451 4065 diss.
468 4018 524 4081 jur.
548 4013 694 4060 desieritis
715 4021 740 4056 o.
756 4016 841 4054 nouum
856 4004 948 4069 injus
974 3999 1044 4063 poll.
1063 4000 1133 4047 unio.

147 4107 236 4177 (lugd.
251 4107 302 4155 Bar.
322 4104 413 4170 1838),
436 4104 480 4154 ulii
507 4105 568 4152 ratio
593 4099 732 4165 disciplinae
760 4092 887 4149 tradendae
917 4090 980 4158 apud
1003 4090 1135 4156 complures

149 4198 237 4250 meruli
254 4199 308 4249 sti.
326 4199 453 4264 scriptores
470 4196 597 4260 exponitur
615 4202 640 4240 et
658 4198 812 4255 comparatur.

959 4277 1006 4335 1*
