<?xml version="1.0" encoding="UTF-8"?>
<!DOCTYPE html PUBLIC "-//W3C//DTD XHTML 1.0 Transitional//EN"
    "http://www.w3.org/TR/xhtml1/DTD/xhtml1-transitional.dtd">
<html xmlns="http://www.w3.org/1999/xhtml" xml:lang="en" lang="en">
 <head>
  <title>
</title>
<meta http-equiv="Content-Type" content="text/html;charset=utf-8" />
  <meta name='ocr-system' content='tesseract 3.04.00' />
  <meta name='ocr-capabilities' content='ocr_page ocr_carea ocr_par ocr_line ocrx_word'/>
</head>
<body>
  <div class='ocr_page' id='page_1' title='image "./speciminisinaug00heemgoog_0179.png"; bbox 0 0 2892 5042; ppageno 0'>
   <div class='ocr_carea' id='block_1_1' title="bbox 538 447 634 547">
    <p class='ocr_par' dir='ltr' id='par_1_1' title="bbox 538 447 634 547">
     <span class='ocr_line' id='line_1_1' title="bbox 538 447 634 547; baseline 0 0"><span class='ocrx_word' id='word_1_1' title='bbox 538 447 634 547; x_wconf 54' lang='lat' dir='ltr'><strong>&#39;aa</strong></span> 
     </span>
    </p>
   </div>
   <div class='ocr_carea' id='block_1_2' title="bbox 120 668 1105 992">
    <p class='ocr_par' dir='ltr' id='par_1_2' title="bbox 120 668 1105 992">
     <span class='ocr_line' id='line_1_2' title="bbox 120 668 1101 757; baseline 0.001 -24"><span class='ocrx_word' id='word_1_2' title='bbox 120 669 203 734; x_wconf 89' lang='lat' dir='ltr'><strong>hanc</strong></span> <span class='ocrx_word' id='word_1_3' title='bbox 227 671 432 757; x_wconf 90' lang='lat' dir='ltr'><strong>objectionem</strong></span> <span class='ocrx_word' id='word_1_4' title='bbox 463 674 579 736; x_wconf 85' lang='lat' dir='ltr'><strong>solvere</strong></span> <span class='ocrx_word' id='word_1_5' title='bbox 606 670 787 756; x_wconf 79' lang='lat' dir='ltr'>aggreditur</span> <span class='ocrx_word' id='word_1_6' title='bbox 811 689 878 756; x_wconf 90' lang='lat' dir='ltr'><strong>cap.</strong></span> <span class='ocrx_word' id='word_1_7' title='bbox 898 673 943 747; x_wconf 88' lang='lat'><strong>11,</strong></span> <span class='ocrx_word' id='word_1_8' title='bbox 965 671 1020 735; x_wconf 84' lang='lat' dir='ltr'><strong>uhi</strong></span> <span class='ocrx_word' id='word_1_9' title='bbox 1044 668 1101 734; x_wconf 78' lang='lat' dir='ltr'><strong>in·</strong></span> 
     </span>
     <span class='ocr_line' id='line_1_3' title="bbox 121 783 1105 877; baseline 0.001 -32"><span class='ocrx_word' id='word_1_10' title='bbox 121 784 232 877; x_wconf 86' lang='lat' dir='ltr'><strong>quirit,</strong></span> <span class='ocrx_word' id='word_1_11' title='bbox 266 807 341 871; x_wconf 89' lang='lat' dir='ltr'><strong>quas</strong></span> <span class='ocrx_word' id='word_1_12' title='bbox 367 784 492 849; x_wconf 89' lang='lat' dir='ltr'><strong>tandem</strong></span> <span class='ocrx_word' id='word_1_13' title='bbox 518 784 680 847; x_wconf 83' lang='lat' dir='ltr'>relationes</span> <span class='ocrx_word' id='word_1_14' title='bbox 712 794 854 861; x_wconf 87' lang='lat' dir='ltr'><strong>mutuas,</strong></span> <span class='ocrx_word' id='word_1_15' title='bbox 889 785 977 847; x_wconf 92' lang='lat' dir='ltr'><strong>nullo</strong></span> <span class='ocrx_word' id='word_1_16' title='bbox 1006 783 1105 860; x_wconf 76' lang='lat' dir='ltr'><strong>duce,</strong></span> 
     </span>
     <span class='ocr_line' id='line_1_4' title="bbox 121 896 1103 992; baseline 0.004 -36"><span class='ocrx_word' id='word_1_17' title='bbox 121 906 204 960; x_wconf 77' lang='lat' dir='ltr'><strong>extra</strong></span> <span class='ocrx_word' id='word_1_18' title='bbox 224 898 412 992; x_wconf 80' lang='lat' dir='ltr'><strong>societatem,</strong></span> <span class='ocrx_word' id='word_1_19' title='bbox 432 901 632 962; x_wconf 82' lang='lat' dir='ltr'><strong>inventurum</strong></span> <span class='ocrx_word' id='word_1_20' title='bbox 648 896 1030 982; x_wconf 86' lang='lat' dir='ltr'><strong>forctgenushumanum.</strong></span> <span class='ocrx_word' id='word_1_21' title='bbox 1052 897 1103 975; x_wconf 76' lang='lat' dir='ltr'><strong>At,</strong></span> 
     </span>
    </p>
   </div>
   <div class='ocr_carea' id='block_1_3' title="bbox 112 1010 1106 1321">
    <p class='ocr_par' dir='ltr' id='par_1_3' title="bbox 112 1010 1106 1321">
     <span class='ocr_line' id='line_1_5' title="bbox 118 1010 1104 1095; baseline 0.003 -24"><span class='ocrx_word' id='word_1_22' title='bbox 118 1027 218 1090; x_wconf 85' lang='lat' dir='ltr'><strong>quum</strong></span> <span class='ocrx_word' id='word_1_23' title='bbox 240 1011 352 1074; x_wconf 89' lang='lat' dir='ltr'><strong>soleret</strong></span> <span class='ocrx_word' id='word_1_24' title='bbox 370 1034 387 1075; x_wconf 89' lang='lat' dir='ltr'><strong>a</strong></span> <span class='ocrx_word' id='word_1_25' title='bbox 406 1010 606 1095; x_wconf 82' lang='lat' dir='ltr'><strong>scriptoribus</strong></span> <span class='ocrx_word' id='word_1_26' title='bbox 626 1021 720 1074; x_wconf 88' lang='lat' dir='ltr'><strong>status</strong></span> <span class='ocrx_word' id='word_1_27' title='bbox 740 1021 825 1075; x_wconf 76' lang='lat' dir='ltr'><strong>extra</strong></span> <span class='ocrx_word' id='word_1_28' title='bbox 845 1013 1024 1076; x_wconf 89' lang='lat' dir='ltr'><strong>societatem</strong></span> <span class='ocrx_word' id='word_1_29' title='bbox 1043 1033 1104 1074; x_wconf 84' lang='lat' dir='ltr'><strong>na-</strong></span> 
     </span>
     <span class='ocr_line' id='line_1_6' title="bbox 117 1122 1101 1203; baseline 0.006 -23"><span class='ocrx_word' id='word_1_30' title='bbox 117 1124 241 1185; x_wconf 72' lang='lat' dir='ltr'><strong>turalis</strong></span> <span class='ocrx_word' id='word_1_31' title='bbox 258 1125 372 1200; x_wconf 81' lang='lat' dir='ltr'><strong>vocari,</strong></span> <span class='ocrx_word' id='word_1_32' title='bbox 391 1124 481 1189; x_wconf 91' lang='lat' dir='ltr'><strong>hunc</strong></span> <span class='ocrx_word' id='word_1_33' title='bbox 494 1146 614 1187; x_wconf 88' lang='lat' dir='ltr'><strong>rnorem</strong></span> <span class='ocrx_word' id='word_1_34' title='bbox 630 1122 760 1188; x_wconf 72' lang='lat' dir='ltr'><strong>&#39;neotus</strong></span> <span class='ocrx_word' id='word_1_35' title='bbox 776 1125 894 1187; x_wconf 78' lang='lat' dir='ltr'><strong>Auctor</strong></span> <span class='ocrx_word' id='word_1_36' title='bbox 910 1126 1030 1203; x_wconf 83' lang='lat' dir='ltr'><strong>Noster,</strong></span> <span class='ocrx_word' id='word_1_37' title='bbox 1056 1125 1071 1186; x_wconf 90' lang='lat' dir='ltr'><strong>l</strong></span> <span class='ocrx_word' id='word_1_38' title='bbox 1087 1159 1101 1170; x_wconf 94' lang='lat'>-</span> 
     </span>
     <span class='ocr_line' id='line_1_7' title="bbox 112 1217 1106 1321; baseline 0.002 -26"><span class='ocrx_word' id='word_1_39' title='bbox 112 1254 177 1318; x_wconf 79' lang='lat' dir='ltr'><strong>ges</strong></span> <span class='ocrx_word' id='word_1_40' title='bbox 194 1236 298 1312; x_wconf 85' lang='lat' dir='ltr'><strong>etiam,</strong></span> <span class='ocrx_word' id='word_1_41' title='bbox 319 1236 434 1321; x_wconf 88' lang='lat' dir='ltr'><strong>quibus</strong></span> <span class='ocrx_word' id='word_1_42' title='bbox 460 1217 642 1299; x_wconf 39' lang='lat' dir='ltr'><strong>¹&#39;obsecuturi</strong></span> <span class='ocrx_word' id='word_1_43' title='bbox 664 1246 763 1298; x_wconf 81' lang='lat' dir='ltr'><strong>essent</strong></span> <span class='ocrx_word' id='word_1_44' title='bbox 785 1234 925 1298; x_wconf 86' lang='lat' dir='ltr'><strong>homines</strong></span> <span class='ocrx_word' id='word_1_45' title='bbox 954 1233 1106 1318; x_wconf 82' lang='lat' dir='ltr'><strong>ejusmodi</strong></span> 
     </span>
    </p>
   </div>
   <div class='ocr_carea' id='block_1_4' title="bbox 60 1347 1195 3117">
    <p class='ocr_par' dir='ltr' id='par_1_4' title="bbox 60 1347 1195 3117">
     <span class='ocr_line' id='line_1_8' title="bbox 117 1347 1103 1432; baseline 0 -23"><span class='ocrx_word' id='word_1_46' title='bbox 117 1347 294 1412; x_wconf 87' lang='lat' dir='ltr'><strong>conditione</strong></span> <span class='ocrx_word' id='word_1_47' title='bbox 314 1360 452 1425; x_wconf 72' lang='lat' dir='ltr'><strong>utenteS,</strong></span> <span class='ocrx_word' id='word_1_48' title='bbox 472 1350 646 1414; x_wconf 77' lang='lat' dir='ltr'><strong>naturales</strong></span> <span class='ocrx_word' id='word_1_49' title='bbox 671 1349 876 1432; x_wconf 81' lang='lat' dir='ltr'><strong>nuncuparit.</strong></span> <span class='ocrx_word' id='word_1_50' title='bbox 919 1348 1103 1429; x_wconf 85' lang='lat' dir='ltr'><strong>Perperam,</strong></span> 
     </span>
     <span class='ocr_line' id='line_1_9' title="bbox 60 1459 989 1550; baseline 0.004 -29"><span class='ocrx_word' id='word_1_51' title='bbox 60 1459 63 1468; x_wconf 70' lang='grc'><em>“</em></span> <span class='ocrx_word' id='word_1_52' title='bbox 116 1470 152 1521; x_wconf 85' lang='lat' dir='ltr'><strong>ut</strong></span> <span class='ocrx_word' id='word_1_53' title='bbox 169 1473 263 1546; x_wconf 89' lang='lat' dir='ltr'><strong>puto,</strong></span> <span class='ocrx_word' id='word_1_54' title='bbox 288 1485 360 1527; x_wconf 87' lang='lat' dir='ltr'><strong>narn</strong></span> <span class='ocrx_word' id='word_1_55' title='bbox 385 1464 603 1526; x_wconf 77' lang='lat' dir='ltr'><strong>obscuritatem</strong></span> <span class='ocrx_word' id='word_1_56' title='bbox 626 1463 733 1549; x_wconf 85' lang='lat' dir='ltr'><strong>genuit</strong></span> <span class='ocrx_word' id='word_1_57' title='bbox 755 1486 792 1527; x_wconf 90' lang='lat' dir='ltr'><strong>ea</strong></span> <span class='ocrx_word' id='word_1_58' title='bbox 812 1463 989 1550; x_wconf 76' lang='lat' dir='ltr'><strong>appellatio.</strong></span> 
     </span>
     <span class='ocr_line' id='line_1_10' title="bbox 160 1574 1104 1661; baseline 0 -24"><span class='ocrx_word' id='word_1_59' title='bbox 160 1574 278 1639; x_wconf 88' lang='lat' dir='ltr'><strong>Harum</strong></span> <span class='ocrx_word' id='word_1_60' title='bbox 296 1578 368 1638; x_wconf 76' lang='lat' dir='ltr'><strong>verb</strong></span> <span class='ocrx_word' id='word_1_61' title='bbox 390 1575 498 1661; x_wconf 87' lang='lat' dir='ltr'><strong>legum</strong></span> <span class='ocrx_word' id='word_1_62' title='bbox 519 1587 653 1661; x_wconf 90' lang='lat' dir='ltr'><strong>quatuor</strong></span> <span class='ocrx_word' id='word_1_63' title='bbox 673 1587 828 1653; x_wconf 85' lang='lat' dir='ltr'><strong>recenset,</strong></span> <span class='ocrx_word' id='word_1_64' title='bbox 857 1597 962 1639; x_wconf 88' lang='lat' dir='ltr'><strong>ornnes</strong></span> <span class='ocrx_word' id='word_1_65' title='bbox 990 1597 1026 1639; x_wconf 83' lang='lat' dir='ltr'><strong>ex</strong></span> <span class='ocrx_word' id='word_1_66' title='bbox 1043 1574 1104 1639; x_wconf 89' lang='lat' dir='ltr'><strong>ho-</strong></span> 
     </span>
     <span class='ocr_line' id='line_1_11' title="bbox 116 1686 1102 1777; baseline 0.004 -28"><span class='ocrx_word' id='word_1_67' title='bbox 116 1686 208 1751; x_wconf 89' lang='lat' dir='ltr'><strong>minis</strong></span> <span class='ocrx_word' id='word_1_68' title='bbox 230 1688 343 1752; x_wconf 77' lang='lat' dir='ltr'><strong>naturai</strong></span> <span class='ocrx_word' id='word_1_69' title='bbox 363 1688 491 1756; x_wconf 87' lang='lat' dir='ltr'><strong>animali</strong></span> <span class='ocrx_word' id='word_1_70' title='bbox 515 1689 691 1768; x_wconf 73' lang='lat' dir='ltr'><strong>derivatas3‘</strong></span> <span class='ocrx_word' id='word_1_71' title='bbox 711 1690 846 1773; x_wconf 86' lang='lat' dir='ltr'><strong>primam</strong></span> <span class='ocrx_word' id='word_1_72' title='bbox 867 1689 984 1753; x_wconf 89' lang='lat' dir='ltr'><strong>scilicet</strong></span> <span class='ocrx_word' id='word_1_73' title='bbox 1000 1692 1102 1777; x_wconf 76' lang='lat' dir='ltr'><strong>pacis</strong></span> 
     </span>
     <span class='ocr_line' id='line_1_12' title="bbox 113 1796 1102 1888; baseline 0.004 -27"><span class='ocrx_word' id='word_1_74' title='bbox 113 1798 234 1883; x_wconf 84' lang='lat' dir='ltr'><strong>legem,</strong></span> <span class='ocrx_word' id='word_1_75' title='bbox 258 1822 353 1886; x_wconf 86' lang='lat' dir='ltr'><strong>quarn</strong></span> <span class='ocrx_word' id='word_1_76' title='bbox 373 1796 574 1887; x_wconf 60' lang='lat' dir='ltr'><strong>vocat‚&#39;qud,</strong></span> <span class='ocrx_word' id='word_1_77' title='bbox 597 1824 696 1888; x_wconf 90' lang='lat' dir='ltr'><strong>quum</strong></span> <span class='ocrx_word' id='word_1_78' title='bbox 718 1824 751 1865; x_wconf 90' lang='lat' dir='ltr'><strong>se</strong></span> <span class='ocrx_word' id='word_1_79' title='bbox 777 1801 943 1865; x_wconf 81' lang='lat' dir='ltr'><strong>defendere</strong></span> <span class='ocrx_word' id='word_1_80' title='bbox 962 1803 1102 1867; x_wconf 87' lang='lat' dir='ltr'><strong>nesciant</strong></span> 
     </span>
     <span class='ocr_line' id='line_1_13' title="bbox 112 1910 1106 2006; baseline 0.004 -32"><span class='ocrx_word' id='word_1_81' title='bbox 112 1910 257 1979; x_wconf 87' lang='lat' dir='ltr'><strong>homines</strong></span> <span class='ocrx_word' id='word_1_82' title='bbox 274 1916 487 1979; x_wconf 83' lang='lat' dir='ltr'><strong>extrasociales</strong></span> <span class='ocrx_word' id='word_1_83' title='bbox 498 1916 561 1991; x_wconf 90' lang='lat' dir='ltr'><strong>illi,</strong></span> <span class='ocrx_word' id='word_1_84' title='bbox 577 1937 702 1978; x_wconf 89' lang='lat' dir='ltr'><strong>ornnem</strong></span> <span class='ocrx_word' id='word_1_85' title='bbox 721 1936 795 1977; x_wconf 88' lang='lat' dir='ltr'><strong>cum</strong></span> <span class='ocrx_word' id='word_1_86' title='bbox 814 1913 953 1977; x_wconf 80' lang='lat' dir='ltr'><strong>validiori</strong></span> <span class='ocrx_word' id='word_1_87' title='bbox 972 1923 1106 2006; x_wconf 60' lang='lat' dir='ltr'><strong>contere-²</strong></span> 
     </span>
     <span class='ocr_line' id='line_1_14' title="bbox 113 2023 1195 2114; baseline 0.003 -29"><span class='ocrx_word' id='word_1_88' title='bbox 113 2034 180 2088; x_wconf 87' lang='lat' dir='ltr'><strong>turn</strong></span> <span class='ocrx_word' id='word_1_89' title='bbox 197 2028 325 2102; x_wconf 82' lang='lat' dir='ltr'><strong>evitent,</strong></span> <span class='ocrx_word' id='word_1_90' title='bbox 343 2026 461 2110; x_wconf 87' lang='lat' dir='ltr'><strong>quippe</strong></span> <span class='ocrx_word' id='word_1_91' title='bbox 478 2026 659 2089; x_wconf 84' lang='lat' dir='ltr'><strong>fortitudine</strong></span> <span class='ocrx_word' id='word_1_92' title='bbox 669 2037 808 2090; x_wconf 81' lang='lat' dir='ltr'><strong>carentes</strong></span> <span class='ocrx_word' id='word_1_93' title='bbox 822 2023 912 2114; x_wconf 86' lang='lat' dir='ltr'><strong>(haec</strong></span> <span class='ocrx_word' id='word_1_94' title='bbox 927 2028 1012 2089; x_wconf 88' lang='lat' dir='ltr'><strong>enirn</strong></span> <span class='ocrx_word' id='word_1_95' title='bbox 1023 2024 1102 2089; x_wconf 91' lang='lat' dir='ltr'><strong>nihil</strong></span> <span class='ocrx_word' id='word_1_96' title='bbox 1190 2037 1195 2040; x_wconf 84' lang='grc'><strong>’</strong></span> 
     </span>
     <span class='ocr_line' id='line_1_15' title="bbox 113 2135 1101 2224; baseline 0.002 -24"><span class='ocrx_word' id='word_1_97' title='bbox 113 2137 199 2201; x_wconf 82' lang='lat' dir='ltr'><strong>aliud</strong></span> <span class='ocrx_word' id='word_1_98' title='bbox 221 2150 283 2215; x_wconf 91' lang='lat' dir='ltr'><strong>est,</strong></span> <span class='ocrx_word' id='word_1_99' title='bbox 318 2138 513 2202; x_wconf 84' lang='lat' dir='ltr'><strong>nisirohoris</strong></span> <span class='ocrx_word' id='word_1_100' title='bbox 544 2138 591 2203; x_wconf 92' lang='lat' dir='ltr'><strong>sui</strong></span> <span class='ocrx_word' id='word_1_101' title='bbox 612 2135 751 2224; x_wconf 82' lang='lat' dir='ltr'><strong>sensus);</strong></span> <span class='ocrx_word' id='word_1_102' title='bbox 786 2139 917 2203; x_wconf 87' lang='lat' dir='ltr'><strong>alteram</strong></span> <span class='ocrx_word' id='word_1_103' title='bbox 941 2140 1101 2203; x_wconf 79' lang='lat' dir='ltr'><strong>alimenta</strong></span> 
     </span>
     <span class='ocr_line' id='line_1_16' title="bbox 112 2251 1101 2339; baseline 0.003 -27"><span class='ocrx_word' id='word_1_104' title='bbox 112 2251 298 2335; x_wconf 75' lang='lat' dir='ltr'><strong>quaerendi</strong></span> <span class='ocrx_word' id='word_1_105' title='bbox 306 2273 318 2326; x_wconf 93' lang='lat'><strong>,·</strong></span> <span class='ocrx_word' id='word_1_106' title='bbox 341 2253 480 2329; x_wconf 69' lang='lat' dir='ltr'><strong>leniam,</strong></span> <span class='ocrx_word' id='word_1_107' title='bbox 498 2252 691 2339; x_wconf 79' lang='lat' dir='ltr'><strong>gignendae</strong></span> <span class='ocrx_word' id='word_1_108' title='bbox 707 2252 840 2339; x_wconf 83' lang='lat' dir='ltr'><strong>prolr&#39;s‚·</strong></span> <span class='ocrx_word' id='word_1_109' title='bbox 860 2263 1022 2337; x_wconf 87' lang='lat' dir='ltr'><strong>quartam,</strong></span> <span class='ocrx_word' id='word_1_110' title='bbox 1043 2274 1101 2315; x_wconf 81' lang='lat' dir='ltr'><strong>ex-</strong></span> 
     </span>
     <span class='ocr_line' id='line_1_17' title="bbox 105 2355 1176 2450; baseline 0.003 -26"><span class='ocrx_word' id='word_1_111' title='bbox 105 2355 272 2449; x_wconf 78' lang='lat' dir='ltr'><strong>petendae</strong></span> <span class='ocrx_word' id='word_1_112' title='bbox 292 2368 469 2429; x_wconf 80' lang='lat' dir='ltr'><strong>societnlz‘s,</strong></span> <span class='ocrx_word' id='word_1_113' title='bbox 507 2366 591 2429; x_wconf 84' lang='lat' dir='ltr'><strong>Haec</strong></span> <span class='ocrx_word' id='word_1_114' title='bbox 614 2365 676 2428; x_wconf 86' lang='lat' dir='ltr'><strong>sola</strong></span> <span class='ocrx_word' id='word_1_115' title='bbox 697 2364 845 2449; x_wconf 87' lang='lat' dir='ltr'><strong>quoniam</strong></span> <span class='ocrx_word' id='word_1_116' title='bbox 875 2368 1001 2450; x_wconf 88' lang='lat' dir='ltr'><strong>propria</strong></span> <span class='ocrx_word' id='word_1_117' title='bbox 1028 2377 1101 2428; x_wconf 93' lang='lat' dir='ltr'><strong>sunt</strong></span> <span class='ocrx_word' id='word_1_118' title='bbox 1173 2431 1176 2436; x_wconf 59' lang='grc'><strong><em>,</em></strong></span> 
     </span>
     <span class='ocr_line' id='line_1_18' title="bbox 112 2465 1101 2561; baseline 0.004 -27"><span class='ocrx_word' id='word_1_119' title='bbox 112 2479 205 2540; x_wconf 88' lang='lat' dir='ltr'><strong>statui</strong></span> <span class='ocrx_word' id='word_1_120' title='bbox 230 2478 434 2553; x_wconf 82' lang='lat' dir='ltr'><strong>extrasociali,</strong></span> <span class='ocrx_word' id='word_1_121' title='bbox 456 2488 493 2539; x_wconf 92' lang='lat' dir='ltr'><strong>ut</strong></span> <span class='ocrx_word' id='word_1_122' title='bbox 510 2477 549 2540; x_wconf 88' lang='lat' dir='ltr'><strong>ad</strong></span> <span class='ocrx_word' id='word_1_123' title='bbox 562 2465 678 2540; x_wconf 71' lang='lat' dir='ltr'><strong>valtiora</strong></span> <span class='ocrx_word' id='word_1_124' title='bbox 697 2497 841 2561; x_wconf 87' lang='lat' dir='ltr'><strong>quaeque</strong></span> <span class='ocrx_word' id='word_1_125' title='bbox 860 2476 1101 2561; x_wconf 84' lang='lat' dir='ltr'><strong>progrediantur</strong></span> 
     </span>
     <span class='ocr_line' id='line_1_19' title="bbox 113 2583 1101 2670; baseline 0.003 -24"><span class='ocrx_word' id='word_1_126' title='bbox 113 2583 277 2662; x_wconf 82' lang='lat' dir='ltr'><strong>homines,</strong></span> <span class='ocrx_word' id='word_1_127' title='bbox 293 2588 471 2651; x_wconf 85' lang='lat' dir='ltr'><strong>societatem</strong></span> <span class='ocrx_word' id='word_1_128' title='bbox 491 2587 583 2650; x_wconf 91' lang='lat' dir='ltr'><strong>condi</strong></span> <span class='ocrx_word' id='word_1_129' title='bbox 602 2598 729 2669; x_wconf 91' lang='lat' dir='ltr'><strong>oportet.</strong></span> <span class='ocrx_word' id='word_1_130' title='bbox 760 2588 799 2648; x_wconf 77' lang='lat' dir='ltr'><strong>at</strong></span> <span class='ocrx_word' id='word_1_131' title='bbox 816 2608 879 2649; x_wconf 91' lang='lat' dir='ltr'><strong>non</strong></span> <span class='ocrx_word' id='word_1_132' title='bbox 898 2590 941 2650; x_wconf 88' lang='lat' dir='ltr'><strong>ita</strong></span> <span class='ocrx_word' id='word_1_133' title='bbox 960 2588 1101 2670; x_wconf 79' lang='lat' dir='ltr'><strong>expedite</strong></span> 
     </span>
     <span class='ocr_line' id='line_1_20' title="bbox 113 2695 1100 2784; baseline 0.004 -25"><span class='ocrx_word' id='word_1_134' title='bbox 113 2695 173 2762; x_wconf 89' lang='lat' dir='ltr'><strong>hoc</strong></span> <span class='ocrx_word' id='word_1_135' title='bbox 195 2700 263 2762; x_wconf 91' lang='lat' dir='ltr'><strong>fieri</strong></span> <span class='ocrx_word' id='word_1_136' title='bbox 284 2699 373 2778; x_wconf 81' lang='lat' dir='ltr'><strong>solet3</strong></span> <span class='ocrx_word' id='word_1_137' title='bbox 405 2698 529 2784; x_wconf 89' lang='lat' dir='ltr'><strong>quoties</strong></span> <span class='ocrx_word' id='word_1_138' title='bbox 550 2697 634 2761; x_wconf 89' lang='lat' dir='ltr'><strong>enirn</strong></span> <span class='ocrx_word' id='word_1_139' title='bbox 659 2699 693 2761; x_wconf 91' lang='lat' dir='ltr'><strong>in</strong></span> <span class='ocrx_word' id='word_1_140' title='bbox 722 2697 900 2761; x_wconf 87' lang='lat' dir='ltr'><strong>societatem</strong></span> <span class='ocrx_word' id='word_1_141' title='bbox 927 2701 1100 2763; x_wconf 75' lang='lat' dir='ltr'><strong>conventre</strong></span> 
     </span>
     <span class='ocr_line' id='line_1_21' title="bbox 114 2810 1100 2897; baseline 0.005 -24"><span class='ocrx_word' id='word_1_142' title='bbox 114 2812 276 2889; x_wconf 87' lang='lat' dir='ltr'><strong>nonnulli,</strong></span> <span class='ocrx_word' id='word_1_143' title='bbox 303 2822 431 2897; x_wconf 87' lang='lat' dir='ltr'><strong>apparet</strong></span> <span class='ocrx_word' id='word_1_144' title='bbox 453 2812 567 2875; x_wconf 82' lang='lat' dir='ltr'><strong>virium</strong></span> <span class='ocrx_word' id='word_1_145' title='bbox 587 2810 792 2896; x_wconf 81' lang='lat' dir='ltr'><strong>inaequalitas</strong></span> <span class='ocrx_word' id='word_1_146' title='bbox 799 2835 807 2890; x_wconf 91' lang='lat'>;</span> <span class='ocrx_word' id='word_1_147' title='bbox 830 2810 920 2894; x_wconf 87' lang='lat' dir='ltr'><strong>plura</strong></span> <span class='ocrx_word' id='word_1_148' title='bbox 950 2813 1009 2876; x_wconf 91' lang='lat' dir='ltr'><strong>sibi</strong></span> <span class='ocrx_word' id='word_1_149' title='bbox 1041 2835 1100 2878; x_wconf 78' lang='lat' dir='ltr'><strong>cu—</strong></span> 
     </span>
     <span class='ocr_line' id='line_1_22' title="bbox 112 2924 1098 3011; baseline 0.004 -24"><span class='ocrx_word' id='word_1_150' title='bbox 112 2944 187 3005; x_wconf 86' lang='lat' dir='ltr'><strong>pere</strong></span> <span class='ocrx_word' id='word_1_151' title='bbox 216 2927 372 3010; x_wconf 92' lang='lat' dir='ltr'><strong>incipiunt</strong></span> <span class='ocrx_word' id='word_1_152' title='bbox 404 2924 580 3001; x_wconf 88' lang='lat' dir='ltr'><strong>validiores,</strong></span> <span class='ocrx_word' id='word_1_153' title='bbox 604 2937 635 2988; x_wconf 87' lang='lat' dir='ltr'><strong>et</strong></span> <span class='ocrx_word' id='word_1_154' title='bbox 664 2924 766 3001; x_wconf 89' lang='lat' dir='ltr'><strong>bella,</strong></span> <span class='ocrx_word' id='word_1_155' title='bbox 797 2927 870 2990; x_wconf 86' lang='lat' dir='ltr'><strong>cdm</strong></span> <span class='ocrx_word' id='word_1_156' title='bbox 893 2927 976 2990; x_wconf 89' lang='lat' dir='ltr'><strong>inter</strong></span> <span class='ocrx_word' id='word_1_157' title='bbox 997 2939 1098 3011; x_wconf 86' lang='lat' dir='ltr'><strong>partes</strong></span> 
     </span>
     <span class='ocr_line' id='line_1_23' title="bbox 114 3021 1098 3117; baseline 0.005 -20"><span class='ocrx_word' id='word_1_158' title='bbox 114 3021 253 3117; x_wconf 84' lang='lat' dir='ltr'><strong>ejusdem</strong></span> <span class='ocrx_word' id='word_1_159' title='bbox 273 3039 442 3113; x_wconf 85' lang='lat' dir='ltr'><strong>societatis,</strong></span> <span class='ocrx_word' id='word_1_160' title='bbox 463 3040 531 3100; x_wconf 87' lang='lat' dir='ltr'><strong>tdm</strong></span> <span class='ocrx_word' id='word_1_161' title='bbox 552 3038 633 3099; x_wconf 90' lang='lat' dir='ltr'><strong>inter</strong></span> <span class='ocrx_word' id='word_1_162' title='bbox 653 3038 812 3100; x_wconf 88' lang='lat' dir='ltr'><strong>societates</strong></span> <span class='ocrx_word' id='word_1_163' title='bbox 832 3038 964 3102; x_wconf 88' lang='lat' dir='ltr'><strong>diversas</strong></span> <span class='ocrx_word' id='word_1_164' title='bbox 988 3040 1098 3102; x_wconf 80' lang='lat' dir='ltr'><strong>oriun—</strong></span> 
     </span>
    </p>
   </div>
   <div class='ocr_carea' id='block_1_5' title="bbox 24 3149 1100 3225">
    <p class='ocr_par' dir='ltr' id='par_1_5' title="bbox 24 3149 1100 3225">
     <span class='ocr_line' id='line_1_24' title="bbox 24 3149 1100 3225; baseline 0.005 -20"><span class='ocrx_word' id='word_1_165' title='bbox 24 3186 28 3203; x_wconf 79' lang='grc'>,</span> <span class='ocrx_word' id='word_1_166' title='bbox 112 3156 175 3211; x_wconf 87' lang='lat' dir='ltr'><strong>tur.</strong></span> <span class='ocrx_word' id='word_1_167' title='bbox 194 3185 240 3195; x_wconf 90' lang='lat'><strong>—</strong></span> <span class='ocrx_word' id='word_1_168' title='bbox 264 3149 366 3225; x_wconf 76' lang='lat' dir='ltr'><strong>Inde,</strong></span> <span class='ocrx_word' id='word_1_169' title='bbox 388 3171 424 3211; x_wconf 78' lang='lat' dir='ltr'><strong>ex</strong></span> <span class='ocrx_word' id='word_1_170' title='bbox 443 3149 588 3211; x_wconf 84' lang='lat' dir='ltr'><strong>Auctoris</strong></span> <span class='ocrx_word' id='word_1_171' title='bbox 605 3149 772 3223; x_wconf 72' lang='lat' dir='ltr'><strong>sententiis,</strong></span> <span class='ocrx_word' id='word_1_172' title='bbox 796 3152 914 3211; x_wconf 79' lang='lat' dir='ltr'><strong>variae</strong></span> <span class='ocrx_word' id='word_1_173' title='bbox 933 3153 1100 3211; x_wconf 79' lang='lat' dir='ltr'><strong>exsistunt</strong></span> 
     </span>
    </p>
   </div>
   <div class='ocr_carea' id='block_1_6' title="bbox 112 3257 771 3347">
    <p class='ocr_par' dir='ltr' id='par_1_6' title="bbox 112 3257 771 3347">
     <span class='ocr_line' id='line_1_25' title="bbox 112 3257 771 3347; baseline 0.003 -28"><span class='ocrx_word' id='word_1_174' title='bbox 112 3257 206 3345; x_wconf 74' lang='lat' dir='ltr'><strong>leges</strong></span> <span class='ocrx_word' id='word_1_175' title='bbox 221 3261 378 3347; x_wconf 72' lang='lat' dir='ltr'><strong>pttblz&#39;cae</strong></span> <span class='ocrx_word' id='word_1_176' title='bbox 397 3270 429 3323; x_wconf 85' lang='lat' dir='ltr'><strong>et</strong></span> <span class='ocrx_word' id='word_1_177' title='bbox 445 3262 607 3347; x_wconf 62' lang='lat' dir='ltr'><strong>privatae</strong></span> <span class='ocrx_word' id='word_1_178' title='bbox 629 3257 641 3346; x_wconf 90' lang='lat'>(</span> <span class='ocrx_word' id='word_1_179' title='bbox 663 3257 686 3344; x_wconf 86' lang='lat'><strong>).</strong></span> <span class='ocrx_word' id='word_1_180' title='bbox 768 3271 771 3278; x_wconf 81' lang='grc'><strong><em>’</em></strong></span> 
     </span>
    </p>
   </div>
   <div class='ocr_carea' id='block_1_7' title="bbox 43 3362 1099 3571">
    <p class='ocr_par' dir='ltr' id='par_1_7' title="bbox 43 3362 1099 3571">
     <span class='ocr_line' id='line_1_26' title="bbox 157 3362 1099 3458; baseline 0.006 -28"><span class='ocrx_word' id='word_1_181' title='bbox 157 3374 204 3437; x_wconf 76' lang='lat' dir='ltr'><strong>Ne</strong></span> <span class='ocrx_word' id='word_1_182' title='bbox 227 3372 281 3439; x_wconf 77' lang='lat' dir='ltr'><strong>hic</strong></span> <span class='ocrx_word' id='word_1_183' title='bbox 299 3362 509 3434; x_wconf 70' lang='grc' dir='ltr'><strong><em>ἀνακόλουθον</em></strong></span> <span class='ocrx_word' id='word_1_184' title='bbox 536 3394 602 3436; x_wconf 88' lang='lat' dir='ltr'><strong>esse</strong></span> <span class='ocrx_word' id='word_1_185' title='bbox 631 3370 788 3449; x_wconf 85' lang='lat' dir='ltr'><strong>rideatur,</strong></span> <span class='ocrx_word' id='word_1_186' title='bbox 818 3393 919 3456; x_wconf 89' lang='lat' dir='ltr'><strong>pauca</strong></span> <span class='ocrx_word' id='word_1_187' title='bbox 945 3372 1099 3458; x_wconf 86' lang='lat' dir='ltr'><strong>quaedam</strong></span> 
     </span>
     <span class='ocr_line' id='line_1_27' title="bbox 43 3484 1097 3571; baseline 0.005 -25"><span class='ocrx_word' id='word_1_188' title='bbox 43 3523 46 3527; x_wconf 64' lang='grc'><strong><em>»</em></strong></span> <span class='ocrx_word' id='word_1_189' title='bbox 112 3486 285 3571; x_wconf 87' lang='lat' dir='ltr'><strong>supplenda</strong></span> <span class='ocrx_word' id='word_1_190' title='bbox 300 3497 391 3571; x_wconf 88' lang='lat' dir='ltr'><strong>puto,</strong></span> <span class='ocrx_word' id='word_1_191' title='bbox 411 3491 499 3571; x_wconf 85' lang='lat' dir='ltr'><strong>quae</strong></span> <span class='ocrx_word' id='word_1_192' title='bbox 512 3507 764 3561; x_wconf 81' lang='lat' dir='ltr'><strong>uonrssourvrus</strong></span> <span class='ocrx_word' id='word_1_193' title='bbox 777 3484 908 3548; x_wconf 85' lang='lat' dir='ltr'><strong>voluisse</strong></span> <span class='ocrx_word' id='word_1_194' title='bbox 926 3486 1097 3552; x_wconf 81' lang='lat' dir='ltr'><strong>censendus</strong></span> 
     </span>
    </p>
   </div>
   <div class='ocr_carea' id='block_1_8' title="bbox 113 3716 1099 4241">
    <p class='ocr_par' dir='ltr' id='par_1_8' title="bbox 113 3703 1099 4241">
     <span class='ocr_line' id='line_1_28' title="bbox 147 3716 1097 3785; baseline -0.007 -18.073"><span class='ocrx_word' id='word_1_195' title='bbox 147 3716 186 3784; x_wconf 88' lang='lat'><strong>(1)</strong></span> <span class='ocrx_word' id='word_1_196' title='bbox 203 3719 241 3770; x_wconf 87' lang='lat' dir='ltr'><strong>E.</strong></span> <span class='ocrx_word' id='word_1_197' title='bbox 252 3720 276 3769; x_wconf 82' lang='lat' dir='ltr'><strong>d.</strong></span> <span class='ocrx_word' id='word_1_198' title='bbox 290 3720 319 3771; x_wconf 73' lang='lat' dir='ltr'><strong>L.</strong></span> <span class='ocrx_word' id='word_1_199' title='bbox 335 3720 354 3766; x_wconf 86' lang='lat'><strong>1.</strong></span> <span class='ocrx_word' id='word_1_200' title='bbox 373 3720 389 3766; x_wconf 80' lang='grc'><strong>3</strong></span> <span class='ocrx_word' id='word_1_201' title='bbox 407 3729 444 3785; x_wconf 71' lang='lat' dir='ltr'><strong>pr‘.</strong></span> <span class='ocrx_word' id='word_1_202' title='bbox 471 3720 539 3767; x_wconf 84' lang='lat' dir='ltr'><strong>Hunc</strong></span> <span class='ocrx_word' id='word_1_203' title='bbox 556 3718 633 3767; x_wconf 89' lang='lat' dir='ltr'><strong>locum</strong></span> <span class='ocrx_word' id='word_1_204' title='bbox 646 3718 837 3767; x_wconf 85' lang='lat' dir='ltr'><strong>llobbesianismi</strong></span> <span class='ocrx_word' id='word_1_205' title='bbox 853 3720 933 3780; x_wconf 80' lang='lat' dir='ltr'><strong>arguit</strong></span> <span class='ocrx_word' id='word_1_206' title='bbox 956 3720 1097 3778; x_wconf 77' lang='lat' dir='ltr'><strong>Anonymns</strong></span> 
     </span>
     <span class='ocr_line' id='line_1_29' title="bbox 113 3804 1099 3876; baseline -0.006 -18"><span class='ocrx_word' id='word_1_207' title='bbox 113 3823 137 3854; x_wconf 80' lang='lat' dir='ltr'><strong>n.</strong></span> <span class='ocrx_word' id='word_1_208' title='bbox 153 3827 175 3860; x_wconf 82' lang='lat' dir='ltr'><strong>r.</strong></span> <span class='ocrx_word' id='word_1_209' title='bbox 192 3804 266 3875; x_wconf 72' lang='lat' dir='ltr'><strong>llice,</strong></span> <span class='ocrx_word' id='word_1_210' title='bbox 283 3828 336 3860; x_wconf 84' lang='lat' dir='ltr'><strong>nam</strong></span> <span class='ocrx_word' id='word_1_211' title='bbox 355 3828 465 3876; x_wconf 82' lang='lat' dir='ltr'><strong>expresse</strong></span> <span class='ocrx_word' id='word_1_212' title='bbox 483 3813 627 3859; x_wconf 83' lang='lat' dir='ltr'><strong>contrariom</strong></span> <span class='ocrx_word' id='word_1_213' title='bbox 640 3810 702 3858; x_wconf 83' lang='lat' dir='ltr'><strong>dixit</strong></span> <span class='ocrx_word' id='word_1_214' title='bbox 716 3820 851 3866; x_wconf 75' lang='lat' dir='ltr'><strong>nocemus,</strong></span> <span class='ocrx_word' id='word_1_215' title='bbox 870 3806 970 3867; x_wconf 81' lang='lat' dir='ltr'><strong>scillcet,</strong></span> <span class='ocrx_word' id='word_1_216' title='bbox 984 3806 1099 3853; x_wconf 80' lang='lat' dir='ltr'><strong>societate</strong></span> 
     </span>
     <span class='ocr_line' id='line_1_30' title="bbox 114 3895 1097 3955; baseline -0.003 -8"><span class='ocrx_word' id='word_1_217' title='bbox 114 3902 234 3950; x_wconf 72' lang='lat' dir='ltr'><strong>condente</strong></span> <span class='ocrx_word' id='word_1_218' title='bbox 246 3902 299 3949; x_wconf 85' lang='lat' dir='ltr'><strong>tolli</strong></span> <span class='ocrx_word' id='word_1_219' title='bbox 315 3912 356 3950; x_wconf 84' lang='lat' dir='ltr'><strong>aut</strong></span> <span class='ocrx_word' id='word_1_220' title='bbox 370 3904 445 3949; x_wconf 87' lang='lat' dir='ltr'><strong>minoi</strong></span> <span class='ocrx_word' id='word_1_221' title='bbox 464 3900 523 3949; x_wconf 83' lang='lat' dir='ltr'><strong>belli</strong></span> <span class='ocrx_word' id='word_1_222' title='bbox 541 3899 698 3948; x_wconf 85' lang='lat' dir='ltr'><strong>conditionem</strong></span> <span class='ocrx_word' id='word_1_223' title='bbox 715 3901 778 3947; x_wconf 84' lang='lat' dir='ltr'><strong>inter</strong></span> <span class='ocrx_word' id='word_1_224' title='bbox 796 3897 911 3944; x_wconf 85' lang='lat' dir='ltr'><strong>homines.</strong></span> <span class='ocrx_word' id='word_1_225' title='bbox 935 3896 967 3945; x_wconf 81' lang='lat' dir='ltr'><strong>V.</strong></span> <span class='ocrx_word' id='word_1_226' title='bbox 979 3896 1009 3944; x_wconf 84' lang='lat' dir='ltr'><strong>do</strong></span> <span class='ocrx_word' id='word_1_227' title='bbox 1024 3895 1097 3955; x_wconf 77' lang='lat' dir='ltr'><strong>Cive,</strong></span> 
     </span>
     <span class='ocr_line' id='line_1_31' title="bbox 114 3983 1099 4059; baseline 0.001 -23"><span class='ocrx_word' id='word_1_228' title='bbox 114 3989 140 4036; x_wconf 80' lang='lat'><strong>(2.</strong></span> <span class='ocrx_word' id='word_1_229' title='bbox 160 3992 180 4039; x_wconf 89' lang='lat' dir='ltr'><strong>l.</strong></span> <span class='ocrx_word' id='word_1_230' title='bbox 198 3993 213 4059; x_wconf 54' lang='grc' dir='ltr'><strong><em>ᾗ</em></strong></span> <span class='ocrx_word' id='word_1_231' title='bbox 232 3995 274 4056; x_wconf 79' lang='lat' dir='ltr'><strong>le,</strong></span> <span class='ocrx_word' id='word_1_232' title='bbox 295 3983 344 4042; x_wconf 57' lang='lat'><strong>13(</strong></span> <span class='ocrx_word' id='word_1_233' title='bbox 362 3994 553 4055; x_wconf 76' lang='lat' dir='ltr'><strong>Pdrrrnuonnurt</strong></span> <span class='ocrx_word' id='word_1_234' title='bbox 569 3993 649 4054; x_wconf 79' lang='lat' dir='ltr'><strong>potius</strong></span> <span class='ocrx_word' id='word_1_235' title='bbox 665 3998 761 4037; x_wconf 81' lang='lat' dir='ltr'><strong>secutus</strong></span> <span class='ocrx_word' id='word_1_236' title='bbox 778 3989 867 4037; x_wconf 78' lang='lat' dir='ltr'><strong>Auctor</strong></span> <span class='ocrx_word' id='word_1_237' title='bbox 884 3987 925 4053; x_wconf 60' lang='lat' dir='ltr'><strong>ll„</strong></span> <span class='ocrx_word' id='word_1_238' title='bbox 944 3992 985 4053; x_wconf 85' lang='lat' dir='ltr'><strong>qui</strong></span> <span class='ocrx_word' id='word_1_239' title='bbox 1004 4004 1099 4058; x_wconf 37' lang='lat' dir='ltr'><strong>,omnem</strong></span> 
     </span>
     <span class='ocr_line' id='line_1_32' title="bbox 113 4076 1099 4145; baseline 0.003 -20"><span class='ocrx_word' id='word_1_240' title='bbox 113 4077 237 4131; x_wconf 85' lang='lat' dir='ltr'><strong>hominurn</strong></span> <span class='ocrx_word' id='word_1_241' title='bbox 255 4082 452 4131; x_wconf 75' lang='lat' dir='ltr'><strong>cohabitationem</strong></span> <span class='ocrx_word' id='word_1_242' title='bbox 472 4084 614 4130; x_wconf 77' lang='lat' dir='ltr'><strong>societatem</strong></span> <span class='ocrx_word' id='word_1_243' title='bbox 630 4090 711 4145; x_wconf 84' lang='lat' dir='ltr'><strong>vocat,</strong></span> <span class='ocrx_word' id='word_1_244' title='bbox 735 4080 828 4127; x_wconf 84' lang='lat' dir='ltr'><strong>etiamsi</strong></span> <span class='ocrx_word' id='word_1_245' title='bbox 847 4076 926 4127; x_wconf 80' lang='lat' dir='ltr'><strong>desint</strong></span> <span class='ocrx_word' id='word_1_246' title='bbox 942 4095 988 4145; x_wconf 85' lang='lat' dir='ltr'><strong>pax</strong></span> <span class='ocrx_word' id='word_1_247' title='bbox 1006 4090 1031 4127; x_wconf 84' lang='lat' dir='ltr'><strong>et</strong></span> <span class='ocrx_word' id='word_1_248' title='bbox 1047 4097 1099 4128; x_wconf 83' lang='lat' dir='ltr'><strong>nor·</strong></span> 
     </span>
     <span class='ocr_line' id='line_1_33' title="bbox 115 4172 842 4241; baseline 0.004 -21"><span class='ocrx_word' id='word_1_249' title='bbox 115 4187 152 4220; x_wconf 82' lang='lat' dir='ltr'><strong>tna</strong></span> <span class='ocrx_word' id='word_1_250' title='bbox 169 4190 345 4241; x_wconf 81' lang='lat' dir='ltr'><strong>quaecumque,</strong></span> <span class='ocrx_word' id='word_1_251' title='bbox 365 4174 403 4222; x_wconf 82' lang='lat' dir='ltr'><strong>de·</strong></span> <span class='ocrx_word' id='word_1_252' title='bbox 415 4173 468 4241; x_wconf 82' lang='lat' dir='ltr'><strong>Off.</strong></span> <span class='ocrx_word' id='word_1_253' title='bbox 488 4176 512 4223; x_wconf 79' lang='lat' dir='ltr'><strong>lt.</strong></span> <span class='ocrx_word' id='word_1_254' title='bbox 526 4182 552 4222; x_wconf 83' lang='lat' dir='ltr'><strong>et</strong></span> <span class='ocrx_word' id='word_1_255' title='bbox 563 4190 584 4223; x_wconf 88' lang='lat' dir='ltr'><strong>c.</strong></span> <span class='ocrx_word' id='word_1_256' title='bbox 604 4175 632 4223; x_wconf 80' lang='lat' dir='ltr'><strong>t.</strong></span> <span class='ocrx_word' id='word_1_257' title='bbox 651 4174 684 4222; x_wconf 87' lang='lat' dir='ltr'><strong>ll.</strong></span> <span class='ocrx_word' id='word_1_258' title='bbox 702 4173 729 4223; x_wconf 87' lang='lat' dir='ltr'><strong>C.</strong></span> <span class='ocrx_word' id='word_1_259' title='bbox 746 4172 771 4222; x_wconf 93' lang='lat' dir='ltr'><strong>lI</strong></span> <span class='ocrx_word' id='word_1_260' title='bbox 788 4189 842 4241; x_wconf 84' lang='lat' dir='ltr'><strong>sqq.</strong></span> 
     </span>
    </p>
   </div>
   <div class='ocr_carea' id='block_1_9' title="bbox 131 4268 944 4331">
    <p class='ocr_par' dir='ltr' id='par_1_9' title="bbox 131 4268 944 4331">
     <span class='ocr_line' id='line_1_34' title="bbox 131 4268 944 4331; baseline 0.001 -3"><span class='ocrx_word' id='word_1_261' title='bbox 131 4279 132 4282; x_wconf 76' lang='grc'>’</span> <span class='ocrx_word' id='word_1_262' title='bbox 163 4268 203 4331; x_wconf 82' lang='lat' dir='ltr'><strong>ll.</strong></span> <span class='ocrx_word' id='word_1_263' title='bbox 722 4279 729 4290; x_wconf 87' lang='grc'>’</span> <span class='ocrx_word' id='word_1_264' title='bbox 925 4272 944 4329; x_wconf 86' lang='grc'>3</span> 
     </span>
    </p>
   </div>
   <div class='ocr_carea' id='block_1_10' title="bbox 0 0 1450 5042">
    <p class='ocr_par' dir='ltr' id='par_1_10' title="bbox 0 0 1450 5042">
     <span class='ocr_line' id='line_1_35' title="bbox 0 0 1450 5042; baseline 0 0"><span class='ocrx_word' id='word_1_265' title='bbox 0 0 1450 5042; x_wconf 95' lang='lat' dir='ltr'><strong> </strong></span> 
     </span>
    </p>
   </div>
  </div>
 </body>
</html>
