2892 5042
591 527 652 590 107

27 774 33 792 ,
123 703 308 793 imperantis
322 729 381 793 ope
400 706 521 792 aliquid
544 707 625 771 effici
644 707 754 792 possit,
781 719 836 772 aut
854 718 970 774 temere
988 729 1120 774 exsecra·

73 807 75 814 Α
119 807 206 883 ‘tiooi
233 819 423 884 mandentur
444 842 665 906 quaecumque
681 821 846 904 scriptores
866 822 1034 907 expetenda
1056 845 1121 887 esse

46 935 50 940 ’
123 933 291 999 docuerint
315 932 370 1020 (1).
549 921 551 926 ’

167 1048 221 1124 At,
238 1046 388 1131 inquiunt
403 1045 584 1124 adversarii,
608 1044 685 1129 quid
706 1068 785 1130 opus
805 1057 860 1123 est,
880 1057 916 1110 ut
937 1046 1052 1132 privati
1064 1046 1120 1111 iro⁴

122 1159 227 1223 mines
244 1158 443 1222 oeconomiae
460 1159 606 1242 politicae
624 1157 828 1222 addiscendae
838 1180 965 1242 operam
983 1159 1118 1223 navent?

121 1270 193 1333 Imo
212 1271 280 1354 jam
303 1270 375 1334 satis
398 1270 534 1335 docuere
555 1271 717 1354 praeclara
739 1272 835 1336 nostri
852 1272 921 1336 aeri
932 1273 1047 1356 scripta
1067 1293 1119 1336 oe-

122 1382 310 1459 conomica,
345 1395 535 1476 quantopere
566 1384 740 1469 omnigenis
769 1384 948 1449 huminibus
974 1384 1119 1469 prodesse

121 1479 232 1581 possit.
276 1496 460 1578 Saepissime
480 1496 625 1559 omnibus
652 1495 792 1560 numeris
821 1497 960 1560 absoluta
982 1497 1124 1583 cognitio

124 1630 257 1684 eorum,
283 1630 365 1694 quae
382 1608 420 1672 ad
443 1631 559 1672 munus
577 1607 800 1672 industriamre
816 1631 905 1672 suam
923 1608 1117 1693 pertineant,

27 1739 28 1742 ’
122 1719 211 1784 haud
230 1720 344 1785 sufficit
355 1721 475 1785 homini
484 1722 614 1806 privato,
630 1733 666 1784 ut
682 1721 741 1785 sibi
755 1731 786 1784 et
795 1721 863 1784 aliis
874 1721 1016 1806 prodesse
1026 1722 1121 1806 possit

124 1843 211 1897 recte
232 1831 378 1897 adhibitis
403 1835 516 1898 mentis
536 1834 744 1900 facultatibus.
781 1835 932 1901 Veiorum
959 1847 1118 1909 naturam,

123 1945 309 2011 divitiarum
321 1969 440 2023 cauma,
454 1948 616 2023 rationem,
631 1948 694 2030 qui
706 1956 802 2008 sortes
812 1956 1032 2031 congerantur,
1046 1968 1120 2011 euu-

123 2080 182 2136 sas,
194 2060 313 2144 quibus
334 2058 537 2124 tribuendum
552 2058 646 2140 hujus
661 2058 783 2121 iliiusve
801 2055 971 2122 industriae
980 2057 1119 2133 lucrum,

124 2172 288 2236 societatis
309 2173 465 2237 humanae
480 2171 618 2235 indolem
630 2182 660 2235 et
674 2168 825 2235 desideria
841 2192 1044 2258 cognoscere,
1063 2193 1119 2235 ne-

125 2285 298 2349 cessarium
320 2286 379 2369 ipsi
401 2297 460 2363 est,
494 2298 530 2350 ut
554 2286 595 2349 ab
614 2284 778 2349 inutilibus
805 2295 835 2348 et
866 2284 963 2348 noxiis
985 2285 1119 2371 negotiis

125 2395 330 2481 suscipiendis
350 2399 409 2462 sibi
428 2409 543 2462 caveat.
587 2398 634 2461 Ita
657 2397 764 2461 reversi
784 2397 892 2461 utilior
913 2395 1013 2461 eradit
1037 2395 1117 2460 diri·

126 2511 244 2574 tiarum
264 2509 406 2585 seientia,
431 2531 527 2595 quam
545 2510 570 2572 si
582 2530 658 2573 cum
671 2508 868 2594 gubernandi
886 2519 952 2571 arte
970 2509 1004 2571 in
1021 2529 1116 2573 unum

127 2620 292 2685 coalescat.

174 2732 289 2796 Procul
312 2732 412 2798 abiait
426 2698 681 2809 uorrnsoiurvrns
698 2731 740 2795 ab
760 2728 938 2814 hujusmodi
951 2729 1119 2793 sententiis.

611 2940 639 3001 1.

174 3073 309 3148 Etenim,
321 3094 416 3155 quam
428 3074 565 3156 primum
575 3073 789 3156 quaestionem
806 3071 1039 3136 oeconomicam
1052 3038 1136 3157 agi-⁸

129 3183 259 3247 tandem
288 3183 430 3266 suscipit,
464 3184 532 3265 ejus
556 3182 745 3245 solutionem
765 3182 881 3244 variam
906 3203 972 3245 esse
993 3182 1037 3244 ait
1060 3202 1122 3264 pro

129 3295 216 3358 rano
238 3293 392 3378 cujusque
412 3293 546 3379 regionis
565 3292 638 3375 jure
656 3290 793 3375 publico.
829 3291 874 3354 De
897 3292 980 3355 lusu
999 3290 1119 3357 scilicet

127 3475 366 3482 ---—--—-———

166 3579 203 3647 (l)
221 3582 257 3629 Sic
274 3577 373 3645 AEgypti
386 3577 510 3644 dynastam
526 3573 669 3642 protegendo
681 3572 821 3624 industriam
839 3591 893 3624 suae
902 3575 1005 3641 regionis
1014 3559 1123 3643 pessume

129 3673 200 3737 dare,
218 3673 252 3721 ait
271 3685 324 3733 aar,
345 3676 423 3720 Cours
443 3670 555 3736 complet,
574 3686 598 3718 r.
618 3669 642 3730 1,
661 3667 756 3718 conmd.
773 3663 920 3735 generales,
940 3684 994 3734 pag.
1013 3670 1046 3716 3⁰
1064 3683 1117 3733 sqq.

130 3766 194 3815 Addi
211 3761 285 3832 possit
301 3765 439 3830 exemptum
456 3773 574 3813 temtaret
591 3773 709 3811 structas
721 3764 753 3822 1,
771 3762 814 3825 qni
834 3759 921 3812 utiiiar
937 3760 1043 3806 sassi·
1065 3758 1116 3805 sora

64 3870 67 3876 ’
130 3862 281 3925 existimans,
300 3862 321 3907 si
340 3859 432 3907 laniet
447 3858 513 3921 lino,
531 3871 600 3922 quana
619 3855 727 3920 gossypio
745 3861 885 3912 uterentur,
908 3848 1080 3913 duris·legib1u
1091 3851 1117 3898 ei
1146 3836 1151 3846 ⁹

130 3951 160 4000 de
179 3952 276 4000 relatis
293 3950 489 3999 multosuaiserii
507 3946 613 4008 attium
633 3947 690 3992 item
708 3942 821 3990 Eiectoris
840 3952 993 3987 mutuatu
1008 3952 1116 4003 restrui,

130 4046 174 4109 qui
188 4045 288 4091 Bavares
305 4044 330 4089 ri
346 4056 428 4104 cogere
448 4038 537 4101 vellet,
554 4046 583 4085 ut
602 4033 753 4100 bombycinus
776 4032 884 4081 culturae
895 4048 999 4116 [operam
1021 4034 1116 4099 impert.

131 4134 223 4182 dorent.
250 4136 390 4196 mamma,
411 4128 628 4181 Gaact.d.18¹⁸¹¹
643 4127 735 4177 leisch.
752 4142 775 4174 v.
797 4126 822 4190 i,
847 4140 903 4190 pag.
921 4125 973 4175 232
990 4144 1059 4196 tw
1076 4128 1113 4189 tt,

132 4243 186 4294 pag.
204 4229 262 4275 284.
613 4247 616 4254 ·
