2892 5042
820 486 862 548 66

345 685 438 751 porro
461 682 663 745 seminar,
688 683 944 739 conuerterant,
978 682 1095 727 cenom
1113 662 1174 727 llll
1194 663 1336 728 victorias

293 776 297 783 ‘
346 787 378 841 et
399 775 554 851 irutituta,
577 784 784 840 mercaturam
801 774 952 843 Veterum
974 784 1033 840 etc.
1054 770 1110 862 (l).
1144 774 1269 839 Eminet
1286 775 1335 839 rel

344 890 427 969 inter
446 885 597 973 ejusmodi
617 887 718 963 locos,
749 887 850 951 brevis
869 886 1011 973 dialogus
1029 908 1144 951 srnmn
1168 898 1199 950 et
1217 909 1335 953 nunna·

343 1023 407 1079 ris,
437 1003 493 1088 qui
522 1000 679 1065 classicam
708 998 827 1064 redolet
856 999 1085 1085 antiquitatem.
1130 1000 1259 1064 Srnnau
1289 1000 1335 1064 ibi

347 1116 530 1201 loquentem
552 1112 675 1177 inducit
705 1133 781 1177 cum,
802 1112 969 1189 familiari,
998 1113 1050 1178 cui
1076 1134 1181 1178 causas
1208 1111 1340 1178 abdica--

344 1229 437 1294 tionis
458 1228 583 1312 exponit
606 1236 638 1290 et
659 1226 751 1290 simul
773 1227 980 1312 generosiores
1007 1226 1055 1292 sui
1079 1225 1175 1291 animi
1198 1225 1337 1291 adiectds

345 1341 501 1426 patefacit.
549 1340 636 1403 Duae
668 1324 752 1402 illibs
778 1338 865 1403 actus
898 1337 1010 1403 dantur
1039 1360 1164 1418 causae;
1197 1338 1336 1422 primum

345 1455 431 1541 quod
463 1453 597 1518 stabilito
625 1474 682 1537 per
710 1452 796 1538 leges
824 1449 1001 1518 Comelias
1037 1451 1221 1534 optimatum
1251 1452 1336 1537 regi-

344 1569 446 1643 mine,
478 1566 601 1651 imperii
631 1563 761 1651 gerendi
793 1584 916 1649 crinin
948 1573 1124 1648 pertaesum
1150 1563 1205 1639 sit,
1242 1563 1337 1649 idque

346 1678 482 1742 maxime
501 1679 541 1740 oh
560 1675 707 1740 minutias
734 1675 768 1736 in
788 1674 949 1760 republica
967 1675 1210 1741 administrandi
1227 1675 1336 1741 adten-

346 1788 479 1867 dendas3
501 1809 595 1873 porro
613 1786 698 1874 quod
720 1786 862 1851 servilem
883 1768 1002 1853 civium
1022 1787 1162 1853 indolem
1184 1788 1337 1875 dedigna-

346 1912 442 1967 retur.
484 1901 658 1966 Plurimum
680 1900 753 1965 dein
775 1901 834 1964 sibi
858 1899 971 1965 debere
997 1900 1334 1986 Senatum'gloriatur,

288 2073 290 2076 ,
346 2014 503 2100 hujusque
531 2024 619 2098 grato
641 2014 747 2077 animo
773 2012 901 2090 tribuit,
925 2012 1010 2098 quod
1038 2034 1146 2090 nemo,
1171 2024 1335 2100 postquam

345 2126 477 2210 imperio
494 2124 682 2202 abdicasset,
702 2146 794 2188 ausus
808 2124 847 2188 sit
858 2126 960 2209 ipsum
970 2125 1009 2189 de
1023 2148 1129 2190 rerum
1149 2126 1287 2213 gestione
1302 2128 1337 2191 in

343 2239 396 2322 jus
416 2257 536 2300 vocare.
582 2238 752 2300 Ennianus
776 2235 918 2313 tandem,
942 2236 1015 2301 licet
1035 2259 1160 2302 srnnan-
1178 2239 1216 2302 sit
1235 2240 1338 2303 admi-

255 2410 258 2415 .
309 2408 311 2412 ,
349 2360 447 2426 rator,
470 2349 581 2415 timere
598 2370 630 2412 se
652 2349 783 2425 fatetur,
805 2370 846 2413 ne
868 2370 1012 2415 successu
1024 2363 1149 2416 careant
1161 2352 1228 2437 ejus
1240 2375 1337 2418 eona-

347 2464 412 2539 tus,
436 2483 536 2547 quum
552 2462 645 2543 multi
663 2462 763 2526 futuri
779 2462 840 2527 sint
860 2462 916 2547 qui
936 2462 1149 2549 tyrannidem,
1173 2487 1267 2530 nemo
1282 2466 1337 2551 qui
1368 2450 1374 2456 ”

345 2575 573 2642 abdicationem
592 2573 715 2640 imitari
726 2574 833 2642 velint.
871 2576 988 2641 Desinit
1007 2578 1167 2642 notissimo
1186 2578 1241 2643 illo
1261 2601 1337 2644 sne

348 2712 408 2753 usn
427 2690 535 2767 effato,
566 2712 598 2752 se
626 2690 659 2753 in
682 2709 747 2752 uno
769 2710 910 2753 censuim
931 2688 1035 2772 plmes
1056 2712 1175 2779 maros
1197 2712 1336 2756 eernere.

252 2801 256 2808 '
348 2800 441 2879 Quod
458 2799 591 2864 maxime
609 2799 706 2861 allicit
727 2809 758 2860 et
778 2809 879 2880 captat
899 2798 933 2860 in
949 2798 1019 2863 boc
1039 2800 1162 2887 dialogo
1187 2803 1338 2890 legendo,

349 2923 394 2975 est
414 2911 500 2974 color
522 2909 606 2972 illius
628 2908 791 2992 temporis,
821 2929 886 2993 quo
912 2910 1024 2974 eximie
1045 2934 1204 2996 expresso,
1228 2916 1339 2981 comi..

348 3024 463 3087 liorurn
489 3021 688 3106 politicorum
711 3020 752 3084 de
771 3022 912 3086 Romani
937 3023 1099 3106 republicd
1119 3027 1271 3113 particeps
1302 3028 1340 3092 fit

349 3138 563 3224 unusquisque
600 3136 724 3222 legens,
755 3157 855 3221 acque
889 3158 926 3201 ac
959 3136 1134 3223 legentibus
1167 3159 1341 3205 cressonis

350 3252 491 3337 epistolas
512 3248 653 3315 accidere
672 3247 749 3313 solet
772 3247 784 3336 (
810 3246 834 3333 ).

395 3366 500 3427 Unum
526 3360 628 3424 adhuc
655 3360 813 3442 peculiare
844 3359 920 3444 quid
953 3361 1178 3427 observandum
1198 3363 1342 3443 ridetur,

351 3472 434 3558 quod
454 3471 507 3535 htc
525 3470 590 3534 illic
610 3469 644 3533 in
660 3470 1078 3546 uonrnsourvn'orationem
1092 3473 1154 3537 vim
1167 3477 1343 3542 exercuisse

350 3593 438 3669 puto.
473 3582 569 3646 Natus
582 3579 708 3644 scilieet
729 3592 759 3644 et
781 3581 928 3646 educatus
942 3593 1007 3646 erat
1029 3583 1062 3648 in
1081 3586 1249 3671 Aquitanit
1261 3611 1342 3674 pro-
1431 3616 1432 3625 ¹

352 3696 468 3773 vincit,
497 3693 587 3778 cujus
613 3694 686 3759 licet
709 3716 780 3778 pars
799 3695 1014 3765 tantummodo
1042 3694 1166 3782 proprie
1186 3701 1344 3768 Vaseonia

387 3982 426 4051 (1)
445 3987 489 4033 Gr.
506 3990 532 4031 et
547 3981 611 4031 Dic.
631 3979 698 4045 cbap.
717 3980 744 4044 4,
762 3981 790 4040 8,
810 3982 851 4041 ll,
871 3981 913 4044 tt,
933 3983 974 4042 to,
994 3984 1036 4031 tt.
1051 4010 1085 4022 -
1103 3983 1130 4033 L.
1149 3986 1259 4047 mlta,
1279 3991 1348 4039 181.

262 4109 264 4113 v
294 4120 296 4127 ,
354 4077 389 4125 n.
407 4076 432 4122 a.
451 4074 521 4124 nx.
539 4076 589 4138 14,
608 4074 650 4121 rs.
667 4071 730 4120 xm.
749 4073 766 4119 o
784 4089 836 4140 sqq.
860 4072 943 4122 xxxi.
963 4078 1003 4123 18.

387 4164 426 4234 (2)
444 4166 489 4215 llio
507 4163 612 4227 dialogus
629 4163 749 4213 invenitur
768 4164 806 4215 ed.
825 4167 868 4216 cit.
884 4166 911 4216 T.
924 4159 968 4230 Vl,
987 4181 1039 4232 pag.
1058 4167 1205 4219 &Sd—3⁰0.
