2892 5042
802 520 863 582 102

347 715 381 778 in
394 711 456 776 oris
470 706 605 782 Africae,
626 703 684 789 qui
696 704 849 778 memte,
869 698 904 764 id
921 707 978 774 est,
999 714 1132 759 nummo
1147 713 1236 757 mere
1254 711 1336 756 con-

345 823 430 897 ficto.
449 815 612 884 aestiment
631 816 746 892 omnia,
760 824 856 898 atque
866 812 911 874 ita
921 807 1063 874 stabilem
1082 795 1219 869 habeant
1239 825 1338 866 men-

346 954 467 1008 suram,
496 931 559 1014 quai
588 937 715 992 utantur
744 926 780 990 in
808 919 1090 1009 permutationibus
1120 917 1239 1001 absque
1266 916 1339 979 ullo

346 1045 445 1130 aigne.
475 1043 559 1118 Jam,
582 1040 706 1124 inquit,
724 1039 750 1102 si
770 1035 943 1102 aestimatio
962 1054 1019 1118 per
1038 1039 1179 1094 macutes
1204 1039 1337 1112 recepta

347 1166 425 1221 esset
444 1152 575 1238 reliquis
596 1150 795 1226 nationibus,
822 1169 903 1233 quae
925 1143 1061 1209 nummis
1084 1140 1167 1206 cusis
1182 1150 1337 1216 utuntur,

348 1287 498 1332 numerus
527 1274 740 1339 maeatarum,
769 1258 883 1346 quibus
906 1257 1122 1321 aestimaretur
1137 1263 1221 1317 certa
1239 1274 1339 1336 pecu-

348 1382 420 1444 niae
440 1398 578 1451 summa,
600 1374 729 1461 perinde
749 1373 850 1438 rarius
872 1381 955 1434 essct
975 1369 1075 1434 varias
1094 1368 1135 1430 ab
1159 1387 1276 1442 cauma,
1300 1387 1340 1429 ac

349 1511 497 1570 numerus
518 1499 736 1564 ‚macularum
767 1484 883 1571 quibus
909 1493 993 1548 certa
1011 1482 1226 1545 aedimaretur
1248 1500 1339 1542 mer-

350 1603 437 1665 cium
453 1601 611 1685 quantitas
632 1595 692 1686 (1).

396 1718 442 1775 5⁰.
481 1713 547 1774 Nec
575 1711 678 1773 minus
699 1709 783 1773 salsis
809 1708 967 1772 sententiis
987 1706 1026 1771 de
1049 1705 1162 1770 natura
1187 1704 1341 1788 pecuniae

353 1820 564 1885 adversarium
584 1842 649 1884 sese
668 1820 817 1904 praestitit
836 1839 1105 1896 nasamonium,
1129 1838 1228 1903 quum
1248 1816 1339 1879 JGto-

353 1955 426 1998 rum
454 1933 676 2020 plerorumque
701 1944 733 1996 et
762 1930 980 2019 theologorum
1012 1931 1155 1994 omnium
1180 1929 1341 2014 judicium

354 2045 394 2111 de
415 2046 511 2110 usura
531 2045 705 2111 adoriretur
727 2043 739 2131 (
761 2042 786 2130 )

380 2150 545 2219 'Franciae
577 2156 661 2219 enim
691 2176 801 2218 omnes
825 2155 924 2217 ferme
949 2133 1055 2219 curiae
1076 2164 1107 2217 et
1125 2155 1338 2237 parlamenta,

356 2287 525 2332 usurarum
562 2268 796 2352 stipulationem
828 2266 973 2352 religioni
1008 2267 1195 2332 contrariam
1235 2268 1345 2330 existi-

354 2389 490 2453 mantes,
521 2398 584 2441 non
610 2378 712 2442 soldm
734 2378 875 2442 illicitam
894 2371 997 2462 ipsam
1010 2379 1212 2463 judicabant,
1238 2391 1270 2443 et
1286 2401 1345 2464 pro

355 2494 418 2556 non
444 2487 558 2574 scriptd
582 2489 777 2569 hahendam
808 2491 862 2555 sed
883 2491 1113 2556 condictionem
1133 2493 1229 2556 etiam
1251 2492 1345 2556 inde·
1434 2535 1435 2572 3

356 2599 416 2666 biti
437 2600 666 2680 concedebant,
691 2602 807 2687 siquis
828 2624 865 2666 ex
888 2602 943 2665 tali
959 2612 1051 2686 pacto
1069 2624 1177 2666 usuras
1198 2603 1346 2667 solvisset.
1434 2625 1435 2628 ¹

357 2713 449 2780 Hunc
467 2714 526 2778 fori
543 2735 652 2792 usum,
669 2715 859 2799 jampridem
877 2725 1038 2798 receptum
1056 2715 1092 2777 in
1109 2715 1346 2799 omnihuspro-

359 2825 468 2888 vinciis
483 2825 564 2905 juris
584 2825 865 2901 consuetudinarii,
889 2826 990 2889 ubivis
1010 2827 1183 2892 sanciverat
1203 2850 1346 2892 nunoni-

357 2954 415 3001 cns
437 2933 521 3008 XIV,
544 2934 645 2998 edicto
667 2937 755 3018 Sept.
780 2940 876 3001 1679.
900 2938 974 3001 'Soli
993 2936 1155 3003 Lothariae
1177 2952 1209 3003 et
1227 2942 1346 3003 Navar-

358 3065 410 3110 rae
437 3045 602 3112 Francicae
621 3046 746 3113 incolae
767 3048 926 3114 licentiam
946 3051 1128 3116 foenerandi
1146 3076 1185 3117 ex
1211 3055 1347 3140 antiquis

238 3165 242 3172 '
351 3159 421 3222 suis
442 3159 564 3246 legibus
584 3159 788 3228 retinuerant.
821 3165 968 3228 Attamen
986 3166 1035 3228 rel
1054 3164 1120 3230 illio
1137 3166 1242 3230 clerus
1260 3166 1346 3230 dam-

358 3272 445 3338 narit
464 3294 514 3336 eas
534 3272 761 3358 stipulationes,
786 3276 864 3344 adeo
884 3288 920 3340 ut
941 3300 969 3342 a.
997 3280 1085 3343 1702
1117 3278 1206 3342 Tulli·
1230 3280 1348 3344 Leuco-

359 3405 431 3446 rum
448 3385 552 3466 palam
568 3388 698 3451 cremari
717 3389 872 3452 curaverit
889 3388 1050 3474 episcopus
1065 3390 1220 3475 scriptum
1242 3414 1348 3455 causa·

361 3516 432 3558 rum
461 3499 583 3576 patroni
613 3499 775 3582 cujusdam
805 3524 944 3579 aornar,
989 3524 1052 3587 quo
1080 3504 1161 3587 ipsas
1197 3514 1347 3568 tueretur.

360 3604 468 3669 Postea
488 3616 609 3683 antem,
637 3611 722 3693 quod
742 3614 899 3680 mentione
918 3613 1052 3701 dignum
1069 3615 1210 3691 videtur,
1224 3629 1265 3681 ⁴et
1286 3620 1349 3683 Tc·

301 3998 306 4009 Ι
397 3927 433 3994 (l)
452 3932 486 3979 Ε.
508 3932 532 3980 d.
554 3933 585 3980 L.
603 3932 621 3983 l.
634 3952 656 3983 e.
675 3935 699 3984 8.
728 3935 761 3984 De
780 3939 889 3998 maeatis,
908 3955 967 4003 quas
985 3939 1068 3988 Franei
1082 3939 1347 4004 pidcesvoearesolent

362 4018 395 4064 cf.
411 4031 521 4083 aarum,
547 4023 618 4072 Hirr.
641 4028 722 4089 phet,
742 4029 825 4091 arv,
850 4029 868 4078 l.
886 4029 937 4091 ill,
964 4045 987 4077 e.
1003 4032 1045 4078 2³.
1074 4032 1143 4080 nter.
1170 4034 1201 4081 da
1219 4050 1348 4081 commarca

362 4123 386 4156 r,
402 4109 481 4174 pie'ce.
1136 4155 1140 4164 .

396 4198 432 4264 (2)
454 4203 484 4253 Ε.
502 4203 527 4250 d.
543 4201 572 4251 L.
591 4206 666 4255 xxtt.
685 4211 795 4259 itt-22.
814 4211 923 4271 Ddfease
941 4214 970 4261 da
990 4210 1114 4266 ΜΗ,
1129 4231 1152 4279 p.
1165 4216 1205 4279 ll,
1223 4233 1245 4265 e.
1263 4231 1350 4271 arara,
