2892 5042
586 526 647 585 173
762 552 768 561 =

119 708 233 771 summi
255 706 377 792 imperii
396 720 514 799 partes3
539 706 646 791 tertiae
665 708 732 778 sive
747 706 931 789 judiciariae
955 711 998 775 vis
1025 711 1107 796 poli·

115 821 176 884 tica
195 832 373 907 negaretur.
413 823 460 888 lta
481 822 648 907 apparuit,
672 821 806 885 alienam
831 820 925 905 fuisse
950 822 991 887 ab
1009 824 1047 889 t.
1069 825 1106 889 N.

116 944 224 1009 mente
248 932 399 1016 majorem
423 930 528 998 coetus
550 933 766 1021 comtituentis
783 944 920 1016 partem,
944 933 1017 999 licet
1037 956 1108 998 nro-

116 1045 181 1108 nita
199 1054 231 1107 et
251 1044 400 1129 loquendi
423 1046 556 1119 rationes
578 1066 614 1108 ex
637 1045 704 1127 ejus
726 1043 871 1130 operibus
888 1046 998 1128 crebro
1016 1044 1109 1110 adiri·

115 1155 180 1219 bita
197 1154 326 1219 inerint.
550 1138 552 1141 ¹

162 1264 265 1348 Quam
279 1267 552 1331 absimilesessent
567 1265 743 1342 doctrinae,
768 1286 847 1350 quas
870 1265 999 1349 plurimi
1012 1266 1109 1329 liber·

118 1378 186 1443 tatis
201 1378 324 1461 patroni
341 1377 521 1454 tuebantur,
543 1377 583 1441 ab
601 1379 638 1442 A.
657 1378 694 1441 Ν.
715 1376 861 1454 consitiis,
879 1376 990 1460 patuit,
1009 1397 1109 1461 quum

115 1500 261 1575 ageretur
276 1489 316 1553 de
326 1489 513 1565 honoribus,
529 1489 586 1574 qui
598 1488 813 1552 tribuerentur
824 1487 947 1571 Jurium
958 1498 989 1551 et
998 1486 1109 1551 huma-

118 1711 209 1774 'l'uuo
227 1711 316 1794 petiit
340 1711 504 1800 delegatus
528 1721 695 1788 annonas,
720 1721 756 1773 ut
783 1710 864 1773 iuter
891 1707 985 1774 hosce
1010 1712 1107 1788 viros,

118 1842 355 1899 scamonium
380 1836 480 1889 statua
500 1823 732 1901 decerneretur,
758 1824 931 1909 subscripto
951 1845 1105 1888 vonranrs

119 1932 225 1998 effato:
245 1935 315 2000 »le
321 1948 429 2024 genre
442 1937 580 1998 domuin
591 1938 687 1998 avait
694 1933 809 2020 perdo
823 1953 876 1996 scs
888 1937 1004 2010 tidros,
1023 1954 1107 1997 nors·

118 2064 272 2122 respersu
292 2046 343 2109 les
367 2069 391 2108 a
413 2045 619 2108 rdtrouodsst
652 2044 729 2107 Fere
748 2042 853 2106 nuilus
873 2065 1012 2107 assensus
1030 2041 1108 2107 haec
1131 2112 1134 2118 Δ

123 2154 266 2220 suadenti
293 2156 417 2242 obtigit3
450 2179 514 2221 rron
532 2156 659 2242 quidem
685 2176 826 2240 expresse
855 2154 982 2242 negavit
1002 2165 1113 2229 coemo

117 2277 235 2331 statuae
256 2267 498 2347 confectionem
522 2278 554 2332 at
574 2288 739 2353 nunquam
768 2265 881 2332 confici
898 2266 999 2350 jussit.
1043 2267 1108 2329 Nec

116 2380 290 2458 immeritor
315 2400 388 2444 nam
407 2382 520 2462 pardm
542 2380 601 2441 sibi
626 2400 767 2463 congrue
795 2379 930 2463 egissent
959 2377 1107 2441 constitu-

118 2490 208 2552 tionis
233 2489 421 2567 conditores,
449 2491 475 2551 si
496 2488 552 2553 tali
570 2486 688 2551 honore
707 2487 881 2550 affecissent
899 2487 1020 2567 jurium
1035 2487 1107 2551 feu-

116 2599 236 2665 datum
254 2594 285 2662 et
302 2598 449 2661 ordinum
460 2596 644 2660 discriminis
664 2596 698 2658 in
717 2596 847 2659 Francia
866 2606 1033 2679 patronum
1049 2593 1107 2682 (1).
1166 2646 1179 2671 ,

162 2715 278 2777 Notum
299 2723 361 2790 est,
385 2707 467 2799 regis
489 2711 619 2797 fugiet
643 2721 819 2774 exterorum
847 2709 1025 2794 principum
1041 2709 1107 2772 foe-

27 2898 30 2901 ·
120 2810 195 2889 dere
215 2834 321 2889 contra
334 2823 495 2887 Franciam
515 2820 678 2896 accidisse,
702 2830 739 2882 ut
754 2818 851 2884 norae
870 2819 933 2905 legi
946 2819 1103 2904 publicae,

119 2930 327 3020 omnibusque
339 2932 546 2998 monarchicis
562 2930 729 3008 institutis,
742 2931 836 2995 etiam
845 2942 917 2995 ante
934 2932 1017 2995 illius
1035 2953 1106 3017 pro

118 3048 348 3133 mulgationem
379 3046 475 3129 (Sept.
498 3046 598 3125 1791)
630 3041 724 3104 fidem
745 3040 861 3105 habere
885 3040 1022 3106 desiisset
1050 3064 1106 3127 po·

117 3158 223 3244 pulos.
260 3155 341 3220 Hinc
354 3155 580 3220 sententiarum
600 3153 710 3217 crebra
732 3150 903 3228 haesitatio,
923 3162 955 3213 et
972 3151 1106 3216 naudu-

57 3302 61 3309 ·
119 3271 204 3334 lenta
222 3264 256 3331 et
273 3269 384 3352 panim
405 3266 472 3331 ¹sibi
494 3287 632 3352 congrua
651 3264 753 3327 multa
780 3263 813 3327 in
840 3261 941 3345 Cocta
959 3263 1105 3351 legifero

120 3380 219 3445 obvia.
252 3379 315 3446 Vix·
334 3378 415 3442 ullos
435 3376 634 3443 monarchiae
652 3386 798 3461 patronos
815 3373 861 3437 ibi
880 3374 1030 3460 inrepias,
1055 3376 1107 3440 oui

120 3503 224 3557 tamen
243 3491 343 3555 fidem'
351 3491 548 3574 juraveraut3
573 3488 718 3553 omnibus
739 3488 838 3551 ferme
862 3486 1004 3570 optabilis
1022 3486 1107 3553 ride-

119 3604 213 3668 batur
223 3600 322 3666 forma
336 3603 494 3686 popularis
512 3600 672 3688 regiminis
686 3596 746 3688 (2)
769 3600 880 3684 Itaque
890 3599 924 3663 in
939 3599 999 3664 isto
1014 3597 1112 3667 coetu

121 3713 295 3799 saepissime
312 3713 447 3778 citantur
465 3724 628 3800 systemata
646 3711 775 3798 politica
796 3722 826 3774 et
841 3710 995 3783 theoriae,
1018 3730 1105 3771 nun-

121 3846 217 3910 quam
246 3825 386 3913 exempla
407 3835 622 3891 momorantur
646 3820 801 3885 historica
839 3819 919 3883 Nam
936 3818 1007 3882 fassi
1032 3829 1106 3882 sunt

155 4077 192 4146 (1)
209 4036 344 4143 Psessoi,
360 4079 447 4141 Dira,
463 4081 497 4127 8⁰
515 4079 573 4143 ttaji
592 4077 657 4126 17⁰1
676 4076 703 4123 in
721 4075 817 4136 otoo,
834 4073 864 4140 V,
881 4087 935 4139 ρας.
953 4073 1015 4123 119.
1189 4134 1198 4149 .

40 4186 42 4189 ’
156 4168 193 4235 (Β)
211 4170 249 4219 (li.
268 4180 416 4236 connotent,
434 4174 521 4233 Dirc„
539 4171 557 4217 ii
573 4170 638 4231 Aug.
657 4167 725 4216 1702
742 4166 768 4216 iu
789 4167 884 4229 otots,
902 4163 951 4232 ix,
968 4183 994 4231 p.
1012 4165 1071 4216 ets
