2892 5042
795 517 856 577 112

330 714 433 769 antem
459 701 498 764 de
528 698 695 785 praestanti
722 695 850 783 ingenio
874 684 1102 769 nonrnsonrrn
1134 686 1333 772 opinionem,

328 814 496 879 informare
511 835 567 877 nos
578 812 694 896 jubent
713 810 782 894 ejus
792 806 899 873 laudes
915 807 948 870 in
968 803 1095 890 antiqui
1113 799 1241 865 historici
1255 809 1319 862 tra·

328 924 441 1002 aiendi,
464 924 589 1011 egregie
601 945 668 988 eam
688 921 848 986 stabiliunt
861 942 941 1005 quae
950 918 987 983 ad
997 915 1144 982 Franciae
1156 912 1319 977 historiam
1330 991 1333 999 1

329 1037 479 1113 contulit,
504 1035 599 1122 idque
615 1034 749 1099 maxime
769 1031 951 1098 admirabile
969 1029 1046 1095 mihi
1062 1029 1179 1106 visum,
1200 1037 1236 1090 nt
1253 1025 1318 1115 sin-

330 1149 411 1237 gulis
429 1149 518 1215 tactis
544 1147 619 1215 hirto
643 1146 716 1211 inde
738 1146 885 1231 arreptis,
909 1144 989 1209 notis
1009 1143 1059 1206 vei
1078 1140 1193 1228 ignotis
1211 1140 1319 1203 iucem

328 1260 500 1327 adfundens
524 1284 607 1326 nova
627 1260 777 1326 continuo
805 1258 951 1342 reperiat,
977 1267 1024 1331 et,
1054 1276 1128 1319 cum
1149 1251 1241 1338 poeti
1269 1250 1319 1313 io-

329 1395 423 1460 quar:
448 1373 636 1461 »Quicquid
665 1372 848 1459 contigerit,
871 1370 995 1433 fulvum
1022 1378 1163 1435 vertatur
1192 1367 1227 1431 in
1254 1386 1320 1428 au·
1365 1370 1371 1382 '

330 1491 421 1551 rum”
435 1483 494 1574 (1).
1083 1550 1088 1558 .

372 1599 423 1663 Ad
446 1620 672 1675 nonrrsonrvrr
702 1596 865 1663 historicos
885 1596 969 1660 locos
989 1592 1170 1658 referendus
1189 1611 1323 1677 quoqne

329 1710 435 1793 magni
454 1710 554 1793 operis
575 1709 654 1772 liber
673 1710 824 1782 XXVIII,
848 1706 904 1771 uhi
923 1707 1006 1770 Inris
1027 1706 1169 1770 Francici
1190 1702 1321 1771 histori-

329 1842 381 1890 am
410 1819 573 1905 usquead
604 1842 757 1885 cinonusr
787 1821 847 1888 VII
876 1821 1014 1885 cursorie
1048 1828 1167 1889 tractat.
1210 1817 1321 1897 Quum

329 1932 402 1997 vero
422 1931 505 1995 inira
527 1931 566 1996 de
587 1930 647 1997 hic
669 1932 770 2017 operis
786 1943 872 2018 parte
888 1932 1106 2015 aliarespectn
1125 1927 1321 2014 loquendum

330 2044 404 2121 erit,
427 2045 467 2108 ab
489 2046 556 2129 ejus
575 2046 694 2131 analysi
713 2045 885 2110 abstinebo.
921 2043 1097 2109 Meminisse
1115 2041 1247 2107 sufficiat
1261 2040 1321 2105 riri

330 2154 608 2227 animadversiones
635 2155 674 2218 de
700 2156 823 2219 ordaliis
846 2178 882 2220 ac
908 2154 1098 2240 procedendi
1122 2150 1240 2218 rationo
1262 2175 1321 2239 per

331 2265 470 2329 medinm
493 2288 621 2344 aerum,
651 2267 694 2331 ita
718 2258 887 2333 illustrasse
915 2290 983 2331 eam
1014 2266 1159 2333 historiae
1178 2278 1317 2351 partem,
1419 2258 1425 2273 ¹

331 2389 367 2441 ut
389 2377 507 2443 classici
532 2379 665 2457 maxime
690 2379 784 2464 hujus
811 2381 988 2468 argumenti
1017 2380 1194 2465 scriptores,
1217 2401 1320 2465 usqne

331 2488 371 2556 ad
392 2487 479 2555 hunc
498 2490 599 2569 diem,
621 2492 743 2557 nonnisi
764 2491 872 2559 eadem
895 2493 1023 2570 docere,
1048 2492 1208 2557 interdum
1228 2492 1319 2557 latius

746 2590 751 2601 x

334 2603 492 2670 elaborare
520 2604 674 2671 valuerint
702 2604 761 2695 (2)
807 2605 843 2670 Id
875 2607 947 2670 serii
978 2604 1165 2683 notandum,
1203 2624 1318 2689 nempe

367 2915 404 2984 (1)
424 2917 498 2969 Osiri.
516 2917 612 2965 Metam.
624 2914 657 2963 11
669 2931 692 2964 r.
705 2915 765 2962 103.
790 2911 876 2962 Eodem
889 2916 950 2963 ratio
964 2926 1062 2980 apparet
1074 2918 1100 2965 in
1119 2915 1243 2982 reliqniis,
1260 2931 1320 2983 ques

334 3006 445 3057 habemns
468 3020 648 3064 nosrtsoolvtt
671 3002 771 3071 operae,
796 3005 861 3072 quod
877 3005 907 3055 ad
926 3006 1047 3056 historiam
1068 3007 1199 3057 naturalem
1216 3018 1242 3056 et
1258 3007 1319 3074 phy·

333 3101 412 3148 sicem
430 3099 468 3148 Ita
479 3117 501 3149 e.
510 3114 533 3164 g.
552 3101 609 3149 Oba.
628 3116 674 3149 saer
691 3097 770 3149 l'irs'st.
784 3107 837 3149 aet.
856 3098 935 3167 (iestis
951 3102 976 3149 in
994 3099 1067 3150 Arati.
1083 3100 1247 3166 Burdigalensi
1259 3102 1318 3150 iter.

325 3195 414 3258 ml)
431 3194 467 3242 πθ.
485 3194 501 3240 3
520 3202 545 3241 et
562 3194 590 3258 5,
607 3210 638 3242 ex
653 3191 783 3242 observatis
798 3195 848 3241 suis
862 3210 922 3241 nora
936 3202 960 3242 et
979 3192 1086 3242 inaudita
1106 3193 1173 3243 ducit
1188 3194 1317 3244 corollaria.

333 3286 422 3336 Summi
439 3288 552 3337 momenti
568 3296 618 3352 est,
635 3296 663 3336 nt
678 3288 728 3350 ejus
740 3286 766 3334 in
776 3270 901 3350 cogitando
920 3294 945 3334 et
962 3284 1168 3335 animadvertendo
1184 3288 1247 3336 viam
1263 3303 1318 3335 nos·
1417 3304 1423 3313 ¹

334 3394 424 3439 camus,
442 3379 569 3428 adtendere
586 3378 778 3443 ipsumcailegir
794 3387 938 3442 narrantem,
958 3376 1073 3443 qrromodo
1090 3376 1119 3426 de
1136 3380 1194 3427 visci
1211 3377 1319 3444 conspin-

334 3468 400 3519 ribas
420 3468 546 3531 generibus
566 3469 683 3531 conjicere
699 3469 817 3539 coeperit,
844 3484 870 3515 ea
887 3484 916 3515 ex
942 3470 1029 3517 cortice
1053 3471 1152 3536 quereris
1168 3469 1258 3518 aliusve
1278 3487 1318 3519 ar-

334 3558 399 3607 boris
413 3569 491 3606 ortum
507 3559 604 3623 ducere,
622 3574 715 3624 qnoque
734 3556 802 3607 motio
819 3557 913 3623 exinde,
925 3558 954 3608 de
968 3562 1099 3624 parasiticis
1109 3561 1196 3628 plantis
1208 3563 1320 3611 unirerse

335 3654 454 3716 cogitans,
478 3652 564 3700 sensim
587 3650 615 3699 ei>
632 3652 784 3716 pervenerit,
807 3661 834 3698 nt
850 3650 880 3700 de
898 3653 947 3701 toti
963 3651 1034 3701 classe
1050 3652 1125 3703 xxiv
1141 3651 1319 3720 (cryptogamo-

333 3742 410 3811 rum),
435 3741 464 3791 de
482 3743 564 3791 asturi
581 3742 688 3803 seminis,
706 3740 783 3808 ‹leqne
801 3744 952 3806 generatIone
970 3742 1077 3792 anomali
1091 3758 1170 3792 novos
1187 3746 1318 3820 sententias

333 3845 451 3886 tueretur.
486 3833 602 3885 Omnibus
626 3843 705 3883 antem
729 3836 774 3898 iis,
800 3850 860 3901 qnae
886 3851 946 3883 nora
969 3833 1085 3900 protniit,
1111 3836 1162 3884 sins
1184 3833 1320 3884 discrimine

332 3931 442 3979 assentiri
458 3938 540 3978 retent
556 3929 699 3977 recentiores
718 3928 822 3977 virorum
839 3926 960 3979 doctorum
978 3926 1078 3978 labores.

366 4016 406 4086 (s)
428 4021 456 4072 v.
474 4020 509 4069 n.
528 4022 554 4070 a.
572 4019 604 4069 r.
624 4020 735 4071 xxvm.
756 4019 868 4085 se-m,
886 4006 1002 4081 ss-aa‘
1015 4020 1059 4068 as.
1086 4019 1125 4069 cr.
1144 4023 1183 4070 as
1200 4021 1319 4086 oetaeo

333 4119 378 4159 etc.
399 4109 417 4158 l.
438 4110 472 4159 11
487 4108 526 4159 ch.
546 4114 576 4160 st
598 4128 664 4179 ψῃ
682 4112 700 4162 l.
720 4114 776 4163 XII.
802 4112 904 4178 lum,
921 4117 983 4162 inst.
994 4112 1057 4182 Μ.
1079 4111 1098 4160 Ι.
1118 4113 1160 4177 IV,
1179 4111 1217 4162 eh.
1240 4112 1318 4161 8-7.

332 4202 435 4264 lunt,
453 4202 506 4268 rip.
525 4219 549 4251 r.
568 4205 823 4271 sambatjstds'os'aira.
848 4205 883 4253 lie
902 4204 1026 4255 tentorum
1045 4205 1136 4268 origine
1153 4216 1318 4260 neamenim
