<?xml version="1.0" encoding="UTF-8"?>
<!DOCTYPE html PUBLIC "-//W3C//DTD XHTML 1.0 Transitional//EN"
    "http://www.w3.org/TR/xhtml1/DTD/xhtml1-transitional.dtd">
<html xmlns="http://www.w3.org/1999/xhtml" xml:lang="en" lang="en">
 <head>
  <title>
</title>
<meta http-equiv="Content-Type" content="text/html;charset=utf-8" />
  <meta name='ocr-system' content='tesseract 3.04.00' />
  <meta name='ocr-capabilities' content='ocr_page ocr_carea ocr_par ocr_line ocrx_word'/>
</head>
<body>
  <div class='ocr_page' id='page_1' title='image "./speciminisinaug00heemgoog_0330.png"; bbox 0 0 2892 5042; ppageno 0'>
   <div class='ocr_carea' id='block_1_1' title="bbox 803 484 937 548">
    <p class='ocr_par' dir='ltr' id='par_1_1' title="bbox 803 484 937 548">
     <span class='ocr_line' id='line_1_1' title="bbox 803 484 937 548; baseline 0.007 -2"><span class='ocrx_word' id='word_1_1' title='bbox 803 484 866 548; x_wconf 73' lang='lat' dir='ltr'><strong>tot</strong></span> <span class='ocrx_word' id='word_1_2' title='bbox 932 518 937 523; x_wconf 48' lang='lat'><em>⁴</em></span> 
     </span>
    </p>
   </div>
   <div class='ocr_carea' id='block_1_2' title="bbox 240 664 1382 2536">
    <p class='ocr_par' dir='ltr' id='par_1_2' title="bbox 240 664 1382 2423">
     <span class='ocr_line' id='line_1_2' title="bbox 340 664 1319 751; baseline -0.002 -22"><span class='ocrx_word' id='word_1_3' title='bbox 340 666 394 751; x_wconf 73' lang='lat' dir='ltr'><strong>qui</strong></span> <span class='ocrx_word' id='word_1_4' title='bbox 408 664 582 748; x_wconf 83' lang='lat' dir='ltr'><strong>judicabat,</strong></span> <span class='ocrx_word' id='word_1_5' title='bbox 606 664 841 748; x_wconf 82' lang='lat' dir='ltr'><strong>disciplinarum</strong></span> <span class='ocrx_word' id='word_1_6' title='bbox 862 664 1058 748; x_wconf 84' lang='lat' dir='ltr'><strong>politicarum</strong></span> <span class='ocrx_word' id='word_1_7' title='bbox 1078 684 1147 726; x_wconf 83' lang='lat' dir='ltr'><strong>eam</strong></span> <span class='ocrx_word' id='word_1_8' title='bbox 1167 685 1233 725; x_wconf 85' lang='lat' dir='ltr'><strong>esse</strong></span> <span class='ocrx_word' id='word_1_9' title='bbox 1248 685 1319 727; x_wconf 70' lang='lat' dir='ltr'><strong>cnm</strong></span> 
     </span>
     <span class='ocr_line' id='line_1_3' title="bbox 339 774 1320 858; baseline -0.003 -17"><span class='ocrx_word' id='word_1_10' title='bbox 339 776 507 852; x_wconf 82' lang='lat' dir='ltr'><strong>ditionem,</strong></span> <span class='ocrx_word' id='word_1_11' title='bbox 542 787 577 839; x_wconf 90' lang='lat' dir='ltr'><strong>ut</strong></span> <span class='ocrx_word' id='word_1_12' title='bbox 605 778 639 839; x_wconf 91' lang='lat' dir='ltr'><strong>in</strong></span> <span class='ocrx_word' id='word_1_13' title='bbox 663 775 830 841; x_wconf 80' lang='lat' dir='ltr'><strong>academiis</strong></span> <span class='ocrx_word' id='word_1_14' title='bbox 859 774 968 839; x_wconf 85' lang='lat' dir='ltr'><strong>heberi</strong></span> <span class='ocrx_word' id='word_1_15' title='bbox 998 784 1154 858; x_wconf 83' lang='lat' dir='ltr'>oporteret</span> <span class='ocrx_word' id='word_1_16' title='bbox 1174 774 1320 838; x_wconf 87' lang='lat' dir='ltr'><strong>lectiones</strong></span> 
     </span>
     <span class='ocr_line' id='line_1_4' title="bbox 240 884 1318 981; baseline -0.005 -27"><span class='ocrx_word' id='word_1_17' title='bbox 240 976 243 981; x_wconf 9' lang='grc' dir='ltr'><em>Α</em></span> <span class='ocrx_word' id='word_1_18' title='bbox 338 889 380 954; x_wconf 78' lang='lat' dir='ltr'><strong>de</strong></span> <span class='ocrx_word' id='word_1_19' title='bbox 393 888 581 978; x_wconf 69' lang='lat' dir='ltr'><strong>pmdentid</strong></span> <span class='ocrx_word' id='word_1_20' title='bbox 598 889 828 975; x_wconf 73' lang='lat' dir='ltr'><strong>legislatorum</strong></span> <span class='ocrx_word' id='word_1_21' title='bbox 841 884 900 974; x_wconf 87' lang='lat'>(1).</span> <span class='ocrx_word' id='word_1_22' title='bbox 923 888 1042 954; x_wconf 78' lang='lat' dir='ltr'><strong>Verum</strong></span> <span class='ocrx_word' id='word_1_23' title='bbox 1058 908 1203 951; x_wconf 86' lang='lat' dir='ltr'><strong>successu</strong></span> <span class='ocrx_word' id='word_1_24' title='bbox 1222 889 1318 950; x_wconf 88' lang='lat' dir='ltr'><strong>caruit</strong></span> 
     </span>
     <span class='ocr_line' id='line_1_5' title="bbox 339 997 1318 1082; baseline -0.002 -19"><span class='ocrx_word' id='word_1_25' title='bbox 339 1000 399 1065; x_wconf 89' lang='lat' dir='ltr'><strong>hoo</strong></span> <span class='ocrx_word' id='word_1_26' title='bbox 411 997 586 1063; x_wconf 85' lang='lat' dir='ltr'><strong>consilium.</strong></span> <span class='ocrx_word' id='word_1_27' title='bbox 614 998 723 1082; x_wconf 85' lang='lat' dir='ltr'>Neque</span> <span class='ocrx_word' id='word_1_28' title='bbox 738 1019 1001 1074; x_wconf 72' lang='lat' dir='ltr'><strong>nourrsonrvmrr</strong></span> <span class='ocrx_word' id='word_1_29' title='bbox 1019 1020 1094 1065; x_wconf 75' lang='lat' dir='ltr'><strong>vero</strong></span> <span class='ocrx_word' id='word_1_30' title='bbox 1113 999 1215 1082; x_wconf 91' lang='lat' dir='ltr'><strong>pretio</strong></span> <span class='ocrx_word' id='word_1_31' title='bbox 1232 999 1318 1063; x_wconf 87' lang='lat' dir='ltr'><strong>aesti-</strong></span> 
     </span>
     <span class='ocr_line' id='line_1_6' title="bbox 337 1107 1316 1200; baseline -0.001 -25"><span class='ocrx_word' id='word_1_32' title='bbox 337 1132 424 1176; x_wconf 82' lang='lat' dir='ltr'><strong>mare</strong></span> <span class='ocrx_word' id='word_1_33' title='bbox 441 1107 580 1173; x_wconf 71' lang='lat' dir='ltr'><strong>didicere</strong></span> <span class='ocrx_word' id='word_1_34' title='bbox 596 1109 761 1186; x_wconf 75' lang='lat' dir='ltr'>Germani,</span> <span class='ocrx_word' id='word_1_35' title='bbox 777 1109 960 1200; x_wconf 85' lang='lat' dir='ltr'><strong>priusquam</strong></span> <span class='ocrx_word' id='word_1_36' title='bbox 971 1110 1030 1174; x_wconf 91' lang='lat' dir='ltr'><strong>sub</strong></span> <span class='ocrx_word' id='word_1_37' title='bbox 1047 1109 1144 1173; x_wconf 82' lang='lat' dir='ltr'><strong>finem</strong></span> <span class='ocrx_word' id='word_1_38' title='bbox 1165 1132 1247 1176; x_wconf 86' lang='lat' dir='ltr'><strong>saec.</strong></span> <span class='ocrx_word' id='word_1_39' title='bbox 1268 1111 1316 1174; x_wconf 81' lang='lat' dir='ltr'><strong>do</strong></span> 
     </span>
     <span class='ocr_line' id='line_1_7' title="bbox 338 1220 1381 1308; baseline -0.002 -21"><span class='ocrx_word' id='word_1_40' title='bbox 338 1234 470 1288; x_wconf 79' lang='lat' dir='ltr'><strong>suerent</strong></span> <span class='ocrx_word' id='word_1_41' title='bbox 485 1221 704 1308; x_wconf 85' lang='lat' dir='ltr'><strong>quidamJCti,</strong></span> <span class='ocrx_word' id='word_1_42' title='bbox 723 1220 839 1287; x_wconf 91' lang='lat' dir='ltr'><strong>nonde</strong></span> <span class='ocrx_word' id='word_1_43' title='bbox 854 1222 938 1307; x_wconf 86' lang='lat' dir='ltr'><strong>jure,</strong></span> <span class='ocrx_word' id='word_1_44' title='bbox 957 1221 1044 1305; x_wconf 90' lang='lat' dir='ltr'><strong>quod</strong></span> <span class='ocrx_word' id='word_1_45' title='bbox 1058 1221 1166 1290; x_wconf 83' lang='lat' dir='ltr'><strong>adesse</strong></span> <span class='ocrx_word' id='word_1_46' title='bbox 1183 1221 1316 1298; x_wconf 89' lang='lat' dir='ltr'><strong>deberet,</strong></span> <span class='ocrx_word' id='word_1_47' title='bbox 1377 1240 1381 1249; x_wconf 88' lang='lat'>·</span> 
     </span>
     <span class='ocr_line' id='line_1_8' title="bbox 338 1332 1317 1419; baseline -0.003 -19"><span class='ocrx_word' id='word_1_48' title='bbox 338 1335 392 1400; x_wconf 87' lang='lat' dir='ltr'><strong>sed</strong></span> <span class='ocrx_word' id='word_1_49' title='bbox 409 1334 449 1398; x_wconf 90' lang='lat' dir='ltr'><strong>de</strong></span> <span class='ocrx_word' id='word_1_50' title='bbox 465 1334 539 1418; x_wconf 89' lang='lat' dir='ltr'><strong>jure</strong></span> <span class='ocrx_word' id='word_1_51' title='bbox 558 1345 683 1418; x_wconf 85' lang='lat' dir='ltr'><strong>recepto</strong></span> <span class='ocrx_word' id='word_1_52' title='bbox 704 1332 987 1419; x_wconf 78' lang='lat' dir='ltr'><strong>philosophandum</strong></span> <span class='ocrx_word' id='word_1_53' title='bbox 1006 1355 1088 1410; x_wconf 89' lang='lat' dir='ltr'><strong>esse,</strong></span> <span class='ocrx_word' id='word_1_54' title='bbox 1111 1334 1136 1395; x_wconf 91' lang='lat' dir='ltr'><strong>si</strong></span> <span class='ocrx_word' id='word_1_55' title='bbox 1155 1337 1191 1397; x_wconf 90' lang='lat' dir='ltr'><strong>in</strong></span> <span class='ocrx_word' id='word_1_56' title='bbox 1208 1333 1317 1400; x_wconf 86' lang='lat' dir='ltr'><strong>scholis</strong></span> 
     </span>
     <span class='ocr_line' id='line_1_9' title="bbox 338 1444 1316 1533; baseline -0.002 -22"><span class='ocrx_word' id='word_1_57' title='bbox 338 1448 484 1512; x_wconf 79' lang='lat' dir='ltr'><strong>docentes</strong></span> <span class='ocrx_word' id='word_1_58' title='bbox 513 1457 544 1509; x_wconf 91' lang='lat' dir='ltr'><strong>et</strong></span> <span class='ocrx_word' id='word_1_59' title='bbox 578 1445 729 1512; x_wconf 79' lang='lat' dir='ltr'><strong>discentes</strong></span> <span class='ocrx_word' id='word_1_60' title='bbox 760 1446 882 1533; x_wconf 82' lang='lat' dir='ltr'><strong>legibus</strong></span> <span class='ocrx_word' id='word_1_61' title='bbox 909 1444 1043 1509; x_wconf 87' lang='lat' dir='ltr'><strong>ferendis</strong></span> <span class='ocrx_word' id='word_1_62' title='bbox 1074 1444 1316 1531; x_wconf 75' lang='lat' dir='ltr'><strong>prudentiaeque</strong></span> 
     </span>
     <span class='ocr_line' id='line_1_10' title="bbox 336 1558 1316 1646; baseline -0.002 -23"><span class='ocrx_word' id='word_1_63' title='bbox 336 1560 483 1646; x_wconf 82' lang='lat' dir='ltr'><strong>politicae</strong></span> <span class='ocrx_word' id='word_1_64' title='bbox 501 1558 645 1643; x_wconf 82' lang='lat' dir='ltr'><strong>prodesse</strong></span> <span class='ocrx_word' id='word_1_65' title='bbox 664 1560 801 1644; x_wconf 86' lang='lat' dir='ltr'><strong>cupiant.</strong></span> <span class='ocrx_word' id='word_1_66' title='bbox 833 1558 957 1622; x_wconf 82' lang='lat' dir='ltr'><strong>Dixerat</strong></span> <span class='ocrx_word' id='word_1_67' title='bbox 977 1578 1130 1635; x_wconf 73' lang='lat' dir='ltr'><strong>usuros,</strong></span> <span class='ocrx_word' id='word_1_68' title='bbox 1152 1580 1222 1622; x_wconf 89' lang='lat' dir='ltr'><strong>earn</strong></span> <span class='ocrx_word' id='word_1_69' title='bbox 1243 1581 1316 1623; x_wconf 91' lang='lat' dir='ltr'><strong>con-</strong></span> 
     </span>
     <span class='ocr_line' id='line_1_11' title="bbox 336 1666 1314 1755; baseline -0.002 -20"><span class='ocrx_word' id='word_1_70' title='bbox 336 1671 487 1736; x_wconf 88' lang='lat' dir='ltr'><strong>ditionem</strong></span> <span class='ocrx_word' id='word_1_71' title='bbox 508 1671 680 1747; x_wconf 87' lang='lat' dir='ltr'><strong>societatis,</strong></span> <span class='ocrx_word' id='word_1_72' title='bbox 702 1672 765 1755; x_wconf 78' lang='lat' dir='ltr'><strong>qud</strong></span> <span class='ocrx_word' id='word_1_73' title='bbox 774 1672 827 1754; x_wconf 89' lang='lat' dir='ltr'><strong>jus</strong></span> <span class='ocrx_word' id='word_1_74' title='bbox 851 1669 992 1734; x_wconf 85' lang='lat' dir='ltr'><strong>naturale</strong></span> <span class='ocrx_word' id='word_1_75' title='bbox 1012 1666 1184 1746; x_wconf 83' lang='lat' dir='ltr'><strong>(doctrinae</strong></span> <span class='ocrx_word' id='word_1_76' title='bbox 1206 1669 1314 1754; x_wconf 80' lang='lat' dir='ltr'><strong>fcrmd)</strong></span> 
     </span>
     <span class='ocr_line' id='line_1_12' title="bbox 336 1779 1316 1866; baseline -0.001 -21"><span class='ocrx_word' id='word_1_77' title='bbox 336 1792 366 1846; x_wconf 91' lang='lat' dir='ltr'><strong>et</strong></span> <span class='ocrx_word' id='word_1_78' title='bbox 395 1783 447 1866; x_wconf 87' lang='lat' dir='ltr'><strong>jus</strong></span> <span class='ocrx_word' id='word_1_79' title='bbox 481 1780 633 1864; x_wconf 90' lang='lat' dir='ltr'><strong>cujusque</strong></span> <span class='ocrx_word' id='word_1_80' title='bbox 655 1781 757 1866; x_wconf 79' lang='lat' dir='ltr'><strong>gentis</strong></span> <span class='ocrx_word' id='word_1_81' title='bbox 781 1781 947 1864; x_wconf 84' lang='lat' dir='ltr'><strong>positivum</strong></span> <span class='ocrx_word' id='word_1_82' title='bbox 973 1779 1123 1866; x_wconf 85' lang='lat' dir='ltr'><strong>distingui</strong></span> <span class='ocrx_word' id='word_1_83' title='bbox 1151 1792 1316 1865; x_wconf 80' lang='lat' dir='ltr'><strong>oporteret,</strong></span> 
     </span>
     <span class='ocr_line' id='line_1_13' title="bbox 329 1893 1316 1989; baseline -0.003 -29"><span class='ocrx_word' id='word_1_84' title='bbox 329 1896 561 1985; x_wconf 80' lang='lat' dir='ltr'><strong>provisoriam</strong></span> <span class='ocrx_word' id='word_1_85' title='bbox 584 1913 665 1969; x_wconf 78' lang='lat' dir='ltr'><strong>esse,</strong></span> <span class='ocrx_word' id='word_1_86' title='bbox 690 1913 750 1956; x_wconf 88' lang='lat' dir='ltr'><strong>neo</strong></span> <span class='ocrx_word' id='word_1_87' title='bbox 762 1896 987 1979; x_wconf 77' lang='lat' dir='ltr'><strong>peremtorias</strong></span> <span class='ocrx_word' id='word_1_88' title='bbox 1007 1893 1114 1957; x_wconf 87' lang='lat' dir='ltr'><strong>locum</strong></span> <span class='ocrx_word' id='word_1_89' title='bbox 1130 1893 1214 1969; x_wconf 81' lang='lat' dir='ltr'><strong>fore,</strong></span> <span class='ocrx_word' id='word_1_90' title='bbox 1234 1904 1316 1989; x_wconf 79' lang='lat' dir='ltr'><strong>ante-</strong></span> 
     </span>
     <span class='ocr_line' id='line_1_14' title="bbox 335 2003 1382 2091; baseline -0.002 -21"><span class='ocrx_word' id='word_1_91' title='bbox 335 2029 430 2091; x_wconf 85' lang='lat' dir='ltr'><strong>quem</strong></span> <span class='ocrx_word' id='word_1_92' title='bbox 466 2007 560 2090; x_wconf 88' lang='lat' dir='ltr'><strong>plene</strong></span> <span class='ocrx_word' id='word_1_93' title='bbox 588 2004 752 2068; x_wconf 80' lang='lat' dir='ltr'><strong>conveniat</strong></span> <span class='ocrx_word' id='word_1_94' title='bbox 782 2024 857 2067; x_wconf 90' lang='lat' dir='ltr'><strong>usus</strong></span> <span class='ocrx_word' id='word_1_95' title='bbox 885 2026 959 2069; x_wconf 87' lang='lat' dir='ltr'><strong>cum</strong></span> <span class='ocrx_word' id='word_1_96' title='bbox 988 2003 1114 2068; x_wconf 87' lang='lat' dir='ltr'><strong>rationis</strong></span> <span class='ocrx_word' id='word_1_97' title='bbox 1140 2004 1317 2069; x_wconf 74' lang='lat' dir='ltr'><strong>dictamine.</strong></span> <span class='ocrx_word' id='word_1_98' title='bbox 1377 2014 1382 2023; x_wconf 67' lang='lat'>‘</span> 
     </span>
     <span class='ocr_line' id='line_1_15' title="bbox 333 2116 1313 2199; baseline 0.001 -20"><span class='ocrx_word' id='word_1_99' title='bbox 333 2116 421 2180; x_wconf 87' lang='lat' dir='ltr'><strong>Idem</strong></span> <span class='ocrx_word' id='word_1_100' title='bbox 444 2136 581 2179; x_wconf 87' lang='lat' dir='ltr'><strong>asserens</strong></span> <span class='ocrx_word' id='word_1_101' title='bbox 614 2137 719 2189; x_wconf 81' lang='lat' dir='ltr'><strong>aueo,</strong></span> <span class='ocrx_word' id='word_1_102' title='bbox 754 2116 863 2198; x_wconf 87' lang='lat' dir='ltr'><strong>spretis</strong></span> <span class='ocrx_word' id='word_1_103' title='bbox 887 2116 926 2179; x_wconf 90' lang='lat' dir='ltr'><strong>de</strong></span> <span class='ocrx_word' id='word_1_104' title='bbox 953 2117 1028 2199; x_wconf 89' lang='lat' dir='ltr'><strong>jure</strong></span> <span class='ocrx_word' id='word_1_105' title='bbox 1058 2116 1143 2181; x_wconf 82' lang='lat' dir='ltr'><strong>univ.</strong></span> <span class='ocrx_word' id='word_1_106' title='bbox 1174 2116 1313 2193; x_wconf 89' lang='lat' dir='ltr'><strong>theoriis,</strong></span> 
     </span>
     <span class='ocr_line' id='line_1_16' title="bbox 335 2202 1315 2307; baseline 0.001 -16"><span class='ocrx_word' id='word_1_107' title='bbox 335 2202 544 2292; x_wconf 80' lang='lat' dir='ltr'><strong>conditionem</strong></span> <span class='ocrx_word' id='word_1_108' title='bbox 569 2226 657 2290; x_wconf 88' lang='lat' dir='ltr'><strong>illam</strong></span> <span class='ocrx_word' id='word_1_109' title='bbox 679 2226 881 2307; x_wconf 77' lang='lat' dir='ltr'><strong>provisoriam</strong></span> <span class='ocrx_word' id='word_1_110' title='bbox 902 2226 995 2290; x_wconf 90' lang='lat' dir='ltr'><strong>unice</strong></span> <span class='ocrx_word' id='word_1_111' title='bbox 1018 2227 1175 2294; x_wconf 89' lang='lat' dir='ltr'><strong>illustrare</strong></span> <span class='ocrx_word' id='word_1_112' title='bbox 1199 2230 1315 2294; x_wconf 88' lang='lat' dir='ltr'><strong>consti-</strong></span> 
     </span>
     <span class='ocr_line' id='line_1_17' title="bbox 335 2328 738 2423; baseline 0 -22"><span class='ocrx_word' id='word_1_113' title='bbox 335 2340 395 2402; x_wconf 83' lang='lat' dir='ltr'><strong>tuit</strong></span> <span class='ocrx_word' id='word_1_114' title='bbox 418 2336 475 2423; x_wconf 86' lang='lat'>(2).</span> <span class='ocrx_word' id='word_1_115' title='bbox 735 2328 738 2335; x_wconf 77' lang='grc'><em>“</em></span> 
     </span>
    </p>

    <p class='ocr_par' dir='ltr' id='par_1_3' title="bbox 378 2450 1320 2536">
     <span class='ocr_line' id='line_1_18' title="bbox 378 2450 1320 2536; baseline 0.004 -24"><span class='ocrx_word' id='word_1_116' title='bbox 378 2450 486 2530; x_wconf 84' lang='lat' dir='ltr'><strong>Quum</strong></span> <span class='ocrx_word' id='word_1_117' title='bbox 515 2462 621 2514; x_wconf 82' lang='lat' dir='ltr'><strong>eutem</strong></span> <span class='ocrx_word' id='word_1_118' title='bbox 646 2462 724 2515; x_wconf 84' lang='lat' dir='ltr'><strong>saec.</strong></span> <span class='ocrx_word' id='word_1_119' title='bbox 747 2470 851 2533; x_wconf 84' lang='lat' dir='ltr'><strong>praec.</strong></span> <span class='ocrx_word' id='word_1_120' title='bbox 882 2462 912 2513; x_wconf 88' lang='lat' dir='ltr'><strong>et</strong></span> <span class='ocrx_word' id='word_1_121' title='bbox 937 2451 1019 2534; x_wconf 91' lang='lat' dir='ltr'><strong>ipse,</strong></span> <span class='ocrx_word' id='word_1_122' title='bbox 1054 2462 1085 2514; x_wconf 93' lang='lat' dir='ltr'><strong>et</strong></span> <span class='ocrx_word' id='word_1_123' title='bbox 1112 2452 1265 2536; x_wconf 88' lang='lat' dir='ltr'><strong>quicum</strong></span> <span class='ocrx_word' id='word_1_124' title='bbox 1283 2474 1320 2516; x_wconf 90' lang='lat' dir='ltr'><strong>eo</strong></span> 
     </span>
    </p>
   </div>
   <div class='ocr_carea' id='block_1_3' title="bbox 221 2560 1318 2648">
    <p class='ocr_par' dir='ltr' id='par_1_4' title="bbox 221 2560 1318 2648">
     <span class='ocr_line' id='line_1_19' title="bbox 221 2560 1318 2648; baseline 0.001 -22"><span class='ocrx_word' id='word_1_125' title='bbox 221 2624 229 2633; x_wconf 77' lang='grc'><strong>,</strong></span> <span class='ocrx_word' id='word_1_126' title='bbox 333 2561 497 2639; x_wconf 83' lang='lat' dir='ltr'><strong>iaciebant,</strong></span> <span class='ocrx_word' id='word_1_127' title='bbox 518 2562 643 2626; x_wconf 89' lang='lat' dir='ltr'><strong>nullum</strong></span> <span class='ocrx_word' id='word_1_128' title='bbox 661 2564 736 2637; x_wconf 79' lang='lat' dir='ltr'><strong>fere,</strong></span> <span class='ocrx_word' id='word_1_129' title='bbox 757 2560 944 2625; x_wconf 88' lang='lat' dir='ltr'><strong>Francicum</strong></span> <span class='ocrx_word' id='word_1_130' title='bbox 963 2562 1117 2645; x_wconf 88' lang='lat' dir='ltr'><strong>inprimis,</strong></span> <span class='ocrx_word' id='word_1_131' title='bbox 1139 2565 1318 2648; x_wconf 72' lang='lat' dir='ltr'><strong>scriptorem</strong></span> 
     </span>
    </p>
   </div>
   <div class='ocr_carea' id='block_1_4' title="bbox 333 2672 1318 2960">
    <p class='ocr_par' dir='ltr' id='par_1_5' title="bbox 333 2672 1318 2960">
     <span class='ocr_line' id='line_1_20' title="bbox 336 2672 1318 2760; baseline 0.003 -25"><span class='ocrx_word' id='word_1_132' title='bbox 336 2675 474 2750; x_wconf 70' lang='lat' dir='ltr'><strong>cessent,</strong></span> <span class='ocrx_word' id='word_1_133' title='bbox 499 2675 554 2759; x_wconf 94' lang='lat' dir='ltr'><strong>qui</strong></span> <span class='ocrx_word' id='word_1_134' title='bbox 572 2674 673 2737; x_wconf 86' lang='lat' dir='ltr'><strong>simile</strong></span> <span class='ocrx_word' id='word_1_135' title='bbox 689 2672 776 2758; x_wconf 91' lang='lat' dir='ltr'><strong>quid,</strong></span> <span class='ocrx_word' id='word_1_136' title='bbox 791 2694 829 2736; x_wconf 82' lang='lat' dir='ltr'><strong>eo</strong></span> <span class='ocrx_word' id='word_1_137' title='bbox 843 2694 1108 2751; x_wconf 77' lang='lat' dir='ltr'><strong>uonrrsomvrus,</strong></span> <span class='ocrx_word' id='word_1_138' title='bbox 1126 2675 1235 2760; x_wconf 84' lang='lat' dir='ltr'><strong>aliquo</strong></span> <span class='ocrx_word' id='word_1_139' title='bbox 1247 2697 1318 2741; x_wconf 85' lang='lat' dir='ltr'><strong>curu</strong></span> 
     </span>
     <span class='ocr_line' id='line_1_21' title="bbox 334 2783 1318 2870; baseline 0.002 -24"><span class='ocrx_word' id='word_1_140' title='bbox 334 2806 477 2848; x_wconf 89' lang='lat' dir='ltr'><strong>successu</strong></span> <span class='ocrx_word' id='word_1_141' title='bbox 490 2784 645 2859; x_wconf 71' lang='lat' dir='ltr'><strong>tentasset,</strong></span> <span class='ocrx_word' id='word_1_142' title='bbox 657 2783 740 2847; x_wconf 83' lang='lat' dir='ltr'><strong>haud</strong></span> <span class='ocrx_word' id='word_1_143' title='bbox 754 2783 870 2845; x_wconf 88' lang='lat' dir='ltr'><strong>mirum</strong></span> <span class='ocrx_word' id='word_1_144' title='bbox 886 2783 1010 2860; x_wconf 87' lang='lat' dir='ltr'><strong>accidit,</strong></span> <span class='ocrx_word' id='word_1_145' title='bbox 1023 2785 1170 2848; x_wconf 88' lang='lat' dir='ltr'><strong>Nostrum</strong></span> <span class='ocrx_word' id='word_1_146' title='bbox 1179 2787 1318 2870; x_wconf 88' lang='lat' dir='ltr'><strong>impense</strong></span> 
     </span>
     <span class='ocr_line' id='line_1_22' title="bbox 333 2882 1317 2960; baseline 0.002 -5"><span class='ocrx_word' id='word_1_147' title='bbox 333 2893 495 2958; x_wconf 81' lang='lat' dir='ltr'><strong>laudatum</strong></span> <span class='ocrx_word' id='word_1_148' title='bbox 516 2892 609 2953; x_wconf 77' lang='lat' dir='ltr'><strong>fuisse</strong></span> <span class='ocrx_word' id='word_1_149' title='bbox 643 2894 683 2954; x_wconf 89' lang='lat' dir='ltr'><strong>ab</strong></span> <span class='ocrx_word' id='word_1_150' title='bbox 710 2890 875 2953; x_wconf 89' lang='lat' dir='ltr'><strong>historicae</strong></span> <span class='ocrx_word' id='word_1_151' title='bbox 903 2890 1027 2956; x_wconf 89' lang='lat' dir='ltr'><strong>scholae</strong></span> <span class='ocrx_word' id='word_1_152' title='bbox 1048 2882 1239 2960; x_wconf 70' lang='lat' dir='ltr'><strong>ductoribus.</strong></span> <span class='ocrx_word' id='word_1_153' title='bbox 1277 2899 1317 2960; x_wconf 80' lang='lat' dir='ltr'><strong>Er</strong></span> 
     </span>
    </p>
   </div>
   <div class='ocr_carea' id='block_1_5' title="bbox 297 3003 1318 3314">
    <p class='ocr_par' dir='ltr' id='par_1_6' title="bbox 297 3003 1318 3314">
     <span class='ocr_line' id='line_1_23' title="bbox 297 3003 1317 3090; baseline 0.001 -21"><span class='ocrx_word' id='word_1_154' title='bbox 297 3029 307 3041; x_wconf 64' lang='grc'><strong>“</strong></span> <span class='ocrx_word' id='word_1_155' title='bbox 332 3006 449 3090; x_wconf 91' lang='lat' dir='ltr'><strong>quibus</strong></span> <span class='ocrx_word' id='word_1_156' title='bbox 469 3003 751 3088; x_wconf 64' lang='lat' dir='ltr'><strong>praesedimus.</strong></span> <span class='ocrx_word' id='word_1_157' title='bbox 776 3023 948 3067; x_wconf 79' lang='lat' dir='ltr'><strong>scuoossuu</strong></span> <span class='ocrx_word' id='word_1_158' title='bbox 977 3014 1093 3082; x_wconf 89' lang='lat' dir='ltr'><strong>monet,</strong></span> <span class='ocrx_word' id='word_1_159' title='bbox 1115 3004 1317 3072; x_wconf 81' lang='lat' dir='ltr'><strong>redeundum</strong></span> 
     </span>
     <span class='ocr_line' id='line_1_24' title="bbox 333 3114 1318 3204; baseline 0.002 -24"><span class='ocrx_word' id='word_1_160' title='bbox 333 3139 405 3181; x_wconf 84' lang='lat' dir='ltr'><strong>esse</strong></span> <span class='ocrx_word' id='word_1_161' title='bbox 425 3117 465 3180; x_wconf 91' lang='lat' dir='ltr'><strong>ad</strong></span> <span class='ocrx_word' id='word_1_162' title='bbox 490 3117 591 3200; x_wconf 88' lang='lat' dir='ltr'><strong>operis</strong></span> <span class='ocrx_word' id='word_1_163' title='bbox 615 3115 656 3181; x_wconf 85' lang='lat' dir='ltr'><strong>de</strong></span> <span class='ocrx_word' id='word_1_164' title='bbox 677 3114 819 3204; x_wconf 77' lang='lat' dir='ltr'><strong>Ingenio</strong></span> <span class='ocrx_word' id='word_1_165' title='bbox 843 3114 969 3202; x_wconf 80' lang='lat' dir='ltr'><strong>Legum</strong></span> <span class='ocrx_word' id='word_1_166' title='bbox 983 3114 1112 3199; x_wconf 85' lang='lat' dir='ltr'><strong>placita,</strong></span> <span class='ocrx_word' id='word_1_167' title='bbox 1137 3120 1247 3201; x_wconf 91' lang='lat' dir='ltr'><strong>spretis</strong></span> <span class='ocrx_word' id='word_1_168' title='bbox 1266 3142 1318 3182; x_wconf 93' lang='lat' dir='ltr'><strong>re-</strong></span> 
     </span>
     <span class='ocr_line' id='line_1_25' title="bbox 335 3220 1316 3314; baseline 0 -22"><span class='ocrx_word' id='word_1_169' title='bbox 335 3230 523 3293; x_wconf 89' lang='lat' dir='ltr'><strong>centioribus</strong></span> <span class='ocrx_word' id='word_1_170' title='bbox 544 3230 701 3314; x_wconf 90' lang='lat' dir='ltr'><strong>plerisque</strong></span> <span class='ocrx_word' id='word_1_171' title='bbox 720 3229 844 3292; x_wconf 85' lang='lat' dir='ltr'><strong>Francis</strong></span> <span class='ocrx_word' id='word_1_172' title='bbox 861 3238 891 3290; x_wconf 90' lang='lat' dir='ltr'><strong>et</strong></span> <span class='ocrx_word' id='word_1_173' title='bbox 912 3220 1121 3303; x_wconf 73' lang='lat' dir='ltr'><strong>rrmneenio,</strong></span> <span class='ocrx_word' id='word_1_174' title='bbox 1146 3249 1242 3313; x_wconf 89' lang='lat' dir='ltr'><strong>quem</strong></span> <span class='ocrx_word' id='word_1_175' title='bbox 1260 3232 1316 3306; x_wconf 88' lang='lat' dir='ltr'><strong>ait,</strong></span> 
     </span>
    </p>
   </div>
   <div class='ocr_carea' id='block_1_6' title="bbox 331 3418 544 3430">
    <p class='ocr_par' dir='ltr' id='par_1_7' title="bbox 331 3418 544 3430">
     <span class='ocr_line' id='line_1_26' title="bbox 331 3418 544 3430; baseline 0.009 -2"><span class='ocrx_word' id='word_1_176' title='bbox 331 3418 544 3430; x_wconf 70' lang='lat' dir='ltr'>—n-——o</span> 
     </span>
    </p>
   </div>
   <div class='ocr_carea' id='block_1_7' title="bbox 331 3500 1379 3847">
    <p class='ocr_par' dir='ltr' id='par_1_8' title="bbox 331 3500 1379 3847">
     <span class='ocr_line' id='line_1_27' title="bbox 370 3500 1343 3572; baseline -0.002 -19"><span class='ocrx_word' id='word_1_177' title='bbox 370 3508 408 3572; x_wconf 81' lang='lat' dir='ltr'><strong>(l)</strong></span> <span class='ocrx_word' id='word_1_178' title='bbox 425 3509 567 3565; x_wconf 65' lang='lat' dir='ltr'><strong>Esuriens,</strong></span> <span class='ocrx_word' id='word_1_179' title='bbox 587 3512 780 3559; x_wconf 74' lang='lat' dir='ltr'><strong>Roisonnemenc</strong></span> <span class='ocrx_word' id='word_1_180' title='bbox 792 3514 819 3557; x_wconf 77' lang='lat' dir='ltr'><strong>st.</strong></span> <span class='ocrx_word' id='word_1_181' title='bbox 840 3512 864 3557; x_wconf 85' lang='lat' dir='ltr'><strong>d.</strong></span> <span class='ocrx_word' id='word_1_182' title='bbox 882 3513 951 3558; x_wconf 83' lang='lat' dir='ltr'><strong>Prot.</strong></span> <span class='ocrx_word' id='word_1_183' title='bbox 971 3509 1084 3556; x_wconf 68' lang='lat' dir='ltr'><strong>titicus.</strong></span> <span class='ocrx_word' id='word_1_184' title='bbox 1101 3508 1178 3570; x_wconf 74' lang='lat' dir='ltr'><strong>(Gutt.</strong></span> <span class='ocrx_word' id='word_1_185' title='bbox 1190 3506 1279 3570; x_wconf 81' lang='lat'><strong>1770),</strong></span> <span class='ocrx_word' id='word_1_186' title='bbox 1297 3506 1317 3566; x_wconf 92' lang='lat'><strong>1,</strong></span> <span class='ocrx_word' id='word_1_187' title='bbox 1338 3500 1343 3505; x_wconf 82' lang='grc'><strong>’</strong></span> 
     </span>
     <span class='ocr_line' id='line_1_28' title="bbox 334 3596 1327 3664; baseline 0.001 -18"><span class='ocrx_word' id='word_1_188' title='bbox 334 3614 387 3664; x_wconf 75' lang='lat' dir='ltr'><strong>pag.</strong></span> <span class='ocrx_word' id='word_1_189' title='bbox 403 3598 466 3660; x_wconf 71' lang='lat'><strong>284,</strong></span> <span class='ocrx_word' id='word_1_190' title='bbox 485 3597 527 3645; x_wconf 86' lang='lat' dir='ltr'><strong>cit.</strong></span> <span class='ocrx_word' id='word_1_191' title='bbox 543 3613 582 3660; x_wconf 81' lang='lat' dir='ltr'><strong>ep.</strong></span> <span class='ocrx_word' id='word_1_192' title='bbox 601 3600 879 3662; x_wconf 62' lang='lat' dir='ltr'><strong>rametenses.</strong></span> <span class='ocrx_word' id='word_1_193' title='bbox 1279 3596 1284 3603; x_wconf 65' lang='grc'><em>“</em></span> <span class='ocrx_word' id='word_1_194' title='bbox 1322 3599 1327 3607; x_wconf 86' lang='grc'><em>’</em></span> 
     </span>
     <span class='ocr_line' id='line_1_29' title="bbox 367 3682 1379 3759; baseline -0.003 -20"><span class='ocrx_word' id='word_1_195' title='bbox 367 3689 404 3759; x_wconf 79' lang='lat'><strong>(2)</strong></span> <span class='ocrx_word' id='word_1_196' title='bbox 422 3691 504 3750; x_wconf 73' lang='lat' dir='ltr'><strong>litut,</strong></span> <span class='ocrx_word' id='word_1_197' title='bbox 519 3689 601 3737; x_wconf 81' lang='lat' dir='ltr'><strong>Elem.</strong></span> <span class='ocrx_word' id='word_1_198' title='bbox 621 3689 739 3755; x_wconf 52' lang='lat' dir='ltr'><strong>metaph(</strong></span> <span class='ocrx_word' id='word_1_199' title='bbox 746 3691 820 3758; x_wconf 72' lang='lat' dir='ltr'><strong>jorn</strong></span> <span class='ocrx_word' id='word_1_200' title='bbox 829 3725 838 3750; x_wconf 94' lang='lat'><strong>,</strong></span> <span class='ocrx_word' id='word_1_201' title='bbox 856 3690 883 3736; x_wconf 84' lang='lat' dir='ltr'><strong>P.</strong></span> <span class='ocrx_word' id='word_1_202' title='bbox 902 3690 925 3736; x_wconf 88' lang='lat'><strong>1.</strong></span> <span class='ocrx_word' id='word_1_203' title='bbox 944 3690 973 3737; x_wconf 86' lang='lat' dir='ltr'><strong>C.</strong></span> <span class='ocrx_word' id='word_1_204' title='bbox 993 3692 1020 3750; x_wconf 86' lang='lat'><strong>1,</strong></span> <span class='ocrx_word' id='word_1_205' title='bbox 1039 3688 1053 3753; x_wconf 55' lang='grc' dir='ltr'><em>ᾗ</em></span> <span class='ocrx_word' id='word_1_206' title='bbox 1072 3690 1088 3736; x_wconf 77' lang='lat' dir='ltr'><strong>d</strong></span> <span class='ocrx_word' id='word_1_207' title='bbox 1106 3700 1131 3737; x_wconf 86' lang='lat' dir='ltr'><strong>et</strong></span> <span class='ocrx_word' id='word_1_208' title='bbox 1148 3692 1178 3752; x_wconf 72' lang='lat'><strong>93</strong></span> <span class='ocrx_word' id='word_1_209' title='bbox 1196 3690 1223 3737; x_wconf 85' lang='lat' dir='ltr'><strong>C.</strong></span> <span class='ocrx_word' id='word_1_210' title='bbox 1243 3682 1275 3742; x_wconf 86' lang='lat'><strong>11.</strong></span> <span class='ocrx_word' id='word_1_211' title='bbox 1294 3688 1315 3734; x_wconf 83' lang='lat' dir='ltr'><strong>S.</strong></span> <span class='ocrx_word' id='word_1_212' title='bbox 1377 3754 1379 3757; x_wconf 22' lang='grc' dir='ltr'>Ι</span> 
     </span>
     <span class='ocr_line' id='line_1_30' title="bbox 331 3777 1317 3847; baseline -0.005 -16"><span class='ocrx_word' id='word_1_213' title='bbox 331 3784 360 3847; x_wconf 84' lang='lat' dir='ltr'><strong>t,</strong></span> <span class='ocrx_word' id='word_1_214' title='bbox 378 3781 393 3846; x_wconf 56' lang='grc' dir='ltr'><em>ᾗ</em></span> <span class='ocrx_word' id='word_1_215' title='bbox 410 3783 435 3830; x_wconf 78' lang='grc' dir='ltr'><strong>ὅ.</strong></span> <span class='ocrx_word' id='word_1_216' title='bbox 462 3778 527 3828; x_wconf 81' lang='lat' dir='ltr'><strong>ldem</strong></span> <span class='ocrx_word' id='word_1_217' title='bbox 544 3780 640 3830; x_wconf 81' lang='lat' dir='ltr'><strong>Introd.</strong></span> <span class='ocrx_word' id='word_1_218' title='bbox 660 3783 690 3828; x_wconf 74' lang='lat' dir='ltr'><strong>is</strong></span> <span class='ocrx_word' id='word_1_219' title='bbox 712 3781 789 3829; x_wconf 85' lang='lat' dir='ltr'><strong>doctr.</strong></span> <span class='ocrx_word' id='word_1_220' title='bbox 803 3781 890 3847; x_wconf 75' lang='lat' dir='ltr'><strong>juris,</strong></span> <span class='ocrx_word' id='word_1_221' title='bbox 908 3777 923 3843; x_wconf 82' lang='lat'><em>§</em></span> <span class='ocrx_word' id='word_1_222' title='bbox 939 3778 973 3843; x_wconf 79' lang='lat' dir='ltr'><strong>B,</strong></span> <span class='ocrx_word' id='word_1_223' title='bbox 1002 3779 1083 3842; x_wconf 86' lang='lat' dir='ltr'><strong>docet,</strong></span> <span class='ocrx_word' id='word_1_224' title='bbox 1105 3788 1133 3827; x_wconf 90' lang='lat' dir='ltr'><strong>ut</strong></span> <span class='ocrx_word' id='word_1_225' title='bbox 1153 3778 1317 3844; x_wconf 85' lang='lat' dir='ltr'><strong>respondeatur</strong></span> 
     </span>
    </p>
   </div>
   <div class='ocr_carea' id='block_1_8' title="bbox 331 3867 1319 4208">
    <p class='ocr_par' dir='ltr' id='par_1_9' title="bbox 331 3867 1319 4208">
     <span class='ocr_line' id='line_1_31' title="bbox 333 3867 1319 3938; baseline -0.002 -17"><span class='ocrx_word' id='word_1_226' title='bbox 333 3872 480 3937; x_wconf 78' lang='lat' dir='ltr'><strong>quaestioni:</strong></span> <span class='ocrx_word' id='word_1_227' title='bbox 506 3870 581 3938; x_wconf 78' lang='lat' dir='ltr'><strong>»qnid</strong></span> <span class='ocrx_word' id='word_1_228' title='bbox 601 3871 695 3935; x_wconf 82' lang='lat' dir='ltr'><strong>justum</strong></span> <span class='ocrx_word' id='word_1_229' title='bbox 702 3868 730 3920; x_wconf 82' lang='lat'><strong>?&#39;&#39;</strong></span> <span class='ocrx_word' id='word_1_230' title='bbox 747 3871 808 3920; x_wconf 72' lang='lat' dir='ltr'><strong>meri</strong></span> <span class='ocrx_word' id='word_1_231' title='bbox 828 3872 934 3933; x_wconf 83' lang='lat' dir='ltr'><strong>ratione;</strong></span> <span class='ocrx_word' id='word_1_232' title='bbox 956 3868 1034 3935; x_wconf 67' lang='lat' dir='ltr'><strong>siquid</strong></span> <span class='ocrx_word' id='word_1_233' title='bbox 1049 3867 1147 3932; x_wconf 67' lang='lat' dir='ltr'><strong>jurer’</strong></span> <span class='ocrx_word' id='word_1_234' title='bbox 1166 3873 1229 3920; x_wconf 71' lang='lat' dir='ltr'><strong>meri</strong></span> <span class='ocrx_word' id='word_1_235' title='bbox 1245 3885 1319 3935; x_wconf 80' lang='lat' dir='ltr'><strong>expe·</strong></span> 
     </span>
     <span class='ocr_line' id='line_1_32' title="bbox 331 3954 1316 4025; baseline -0.001 -16"><span class='ocrx_word' id='word_1_236' title='bbox 331 3954 423 4010; x_wconf 68' lang='lat' dir='ltr'><strong>vienus</strong></span> <span class='ocrx_word' id='word_1_237' title='bbox 436 3962 549 4012; x_wconf 84' lang='lat' dir='ltr'><strong>utendum</strong></span> <span class='ocrx_word' id='word_1_238' title='bbox 567 3979 622 4011; x_wconf 85' lang='lat' dir='ltr'><strong>esse.</strong></span> <span class='ocrx_word' id='word_1_239' title='bbox 651 3964 679 4011; x_wconf 81' lang='lat' dir='ltr'><strong>V.</strong></span> <span class='ocrx_word' id='word_1_240' title='bbox 697 3975 774 4024; x_wconf 78' lang='lat' dir='ltr'><strong>ruso,</strong></span> <span class='ocrx_word' id='word_1_241' title='bbox 800 3965 893 4012; x_wconf 84' lang='lat' dir='ltr'><strong>Jurist.</strong></span> <span class='ocrx_word' id='word_1_242' title='bbox 912 3960 1052 4024; x_wconf 80' lang='lat' dir='ltr'><strong>Eneyclop.</strong></span> <span class='ocrx_word' id='word_1_243' title='bbox 1080 3959 1122 4025; x_wconf 82' lang='grc'><strong>(0.</strong></span> <span class='ocrx_word' id='word_1_244' title='bbox 1143 3959 1270 4022; x_wconf 75' lang='lat' dir='ltr'><strong>c.1‚e‹t.</strong></span> <span class='ocrx_word' id='word_1_245' title='bbox 1289 3961 1316 4018; x_wconf 77' lang='grc'><strong>6,</strong></span> 
     </span>
     <span class='ocr_line' id='line_1_33' title="bbox 334 4051 1316 4118; baseline 0 -19"><span class='ocrx_word' id='word_1_246' title='bbox 334 4051 548 4115; x_wconf 67' lang='lat' dir='ltr'><strong>persimilem),</strong></span> <span class='ocrx_word' id='word_1_247' title='bbox 577 4052 656 4118; x_wconf 72' lang='lat'><strong>§²⁰3</strong></span> <span class='ocrx_word' id='word_1_248' title='bbox 676 4053 731 4104; x_wconf 83' lang='lat' dir='ltr'><strong>coll.</strong></span> <span class='ocrx_word' id='word_1_249' title='bbox 750 4055 840 4104; x_wconf 77' lang='lat' dir='ltr'><strong>Lehrb.</strong></span> <span class='ocrx_word' id='word_1_250' title='bbox 862 4055 885 4102; x_wconf 85' lang='lat' dir='ltr'><strong>d.</strong></span> <span class='ocrx_word' id='word_1_251' title='bbox 905 4055 1029 4114; x_wconf 73' lang='lat' dir='ltr'><strong>Notum,</strong></span> <span class='ocrx_word' id='word_1_252' title='bbox 1053 4051 1066 4115; x_wconf 62' lang='lat'><strong>5</strong></span> <span class='ocrx_word' id='word_1_253' title='bbox 1086 4052 1149 4118; x_wconf 84' lang='lat' dir='ltr'><strong>loc,</strong></span> <span class='ocrx_word' id='word_1_254' title='bbox 1169 4052 1232 4116; x_wconf 73' lang='lat'><strong>172,</strong></span> <span class='ocrx_word' id='word_1_255' title='bbox 1252 4052 1316 4113; x_wconf 74' lang='lat'><strong>17³,</strong></span> 
     </span>
     <span class='ocr_line' id='line_1_34' title="bbox 334 4143 476 4208; baseline 0 -18"><span class='ocrx_word' id='word_1_256' title='bbox 334 4144 398 4208; x_wconf 79' lang='lat' dir='ltr'><strong>eoo,</strong></span> <span class='ocrx_word' id='word_1_257' title='bbox 418 4143 476 4190; x_wconf 82' lang='lat' dir='ltr'><strong>sao.</strong></span> 
     </span>
    </p>
   </div>
   <div class='ocr_carea' id='block_1_9' title="bbox 0 0 1450 5042">
    <p class='ocr_par' dir='ltr' id='par_1_10' title="bbox 0 0 1450 5042">
     <span class='ocr_line' id='line_1_35' title="bbox 0 0 1450 5042; baseline 0 3"><span class='ocrx_word' id='word_1_258' title='bbox 0 0 1450 5042; x_wconf 95' lang='lat' dir='ltr'><strong> </strong></span> 
     </span>
    </p>
   </div>
  </div>
 </body>
</html>
