<?xml version="1.0" encoding="UTF-8"?>
<!DOCTYPE html PUBLIC "-//W3C//DTD XHTML 1.0 Transitional//EN"
    "http://www.w3.org/TR/xhtml1/DTD/xhtml1-transitional.dtd">
<html xmlns="http://www.w3.org/1999/xhtml" xml:lang="en" lang="en">
 <head>
  <title>
</title>
<meta http-equiv="Content-Type" content="text/html;charset=utf-8" />
  <meta name='ocr-system' content='tesseract 3.04.00' />
  <meta name='ocr-capabilities' content='ocr_page ocr_carea ocr_par ocr_line ocrx_word'/>
</head>
<body>
  <div class='ocr_page' id='page_1' title='image "./speciminisinaug00heemgoog_0059.png"; bbox 0 0 2892 5042; ppageno 0'>
   <div class='ocr_carea' id='block_1_1' title="bbox 612 538 655 598">
    <p class='ocr_par' dir='ltr' id='par_1_1' title="bbox 612 538 655 598">
     <span class='ocr_line' id='line_1_1' title="bbox 612 538 655 598; baseline -0.047 0"><span class='ocrx_word' id='word_1_1' title='bbox 612 538 655 598; x_wconf 76' lang='lat'>37</span> 
     </span>
    </p>
   </div>
   <div class='ocr_carea' id='block_1_2' title="bbox 122 710 1124 1138">
    <p class='ocr_par' dir='ltr' id='par_1_2' title="bbox 122 710 1124 1138">
     <span class='ocr_line' id='line_1_2' title="bbox 122 710 1122 800; baseline 0.002 -26"><span class='ocrx_word' id='word_1_2' title='bbox 122 789 125 796; x_wconf 93' lang='lat'><strong>.</strong></span> <span class='ocrx_word' id='word_1_3' title='bbox 181 710 219 776; x_wconf 90' lang='lat' dir='ltr'>Id</span> <span class='ocrx_word' id='word_1_4' title='bbox 233 712 316 776; x_wconf 87' lang='lat' dir='ltr'>enim</span> <span class='ocrx_word' id='word_1_5' title='bbox 326 712 534 798; x_wconf 78' lang='lat' dir='ltr'><strong>maximopere</strong></span> <span class='ocrx_word' id='word_1_6' title='bbox 547 714 748 780; x_wconf 84' lang='lat' dir='ltr'>animadverti</span> <span class='ocrx_word' id='word_1_7' title='bbox 764 726 884 800; x_wconf 78' lang='lat' dir='ltr'>oportet</span> <span class='ocrx_word' id='word_1_8' title='bbox 895 735 1122 791; x_wconf 78' lang='lat' dir='ltr'>uoransoorvn</span> 
     </span>
     <span class='ocr_line' id='line_1_3' title="bbox 134 823 1123 912; baseline 0.003 -26"><span class='ocrx_word' id='word_1_9' title='bbox 134 833 247 899; x_wconf 86' lang='lat' dir='ltr'>aetate,</span> <span class='ocrx_word' id='word_1_10' title='bbox 278 823 354 887; x_wconf 89' lang='lat' dir='ltr'>dum</span> <span class='ocrx_word' id='word_1_11' title='bbox 380 826 572 912; x_wconf 83' lang='lat' dir='ltr'>promulgari</span> <span class='ocrx_word' id='word_1_12' title='bbox 601 827 775 912; x_wconf 80' lang='lat' dir='ltr'>inciperent</span> <span class='ocrx_word' id='word_1_13' title='bbox 804 849 901 893; x_wconf 81' lang='lat' dir='ltr'>norae</span> <span class='ocrx_word' id='word_1_14' title='bbox 925 827 964 891; x_wconf 90' lang='lat' dir='ltr'>de</span> <span class='ocrx_word' id='word_1_15' title='bbox 982 826 1123 891; x_wconf 87' lang='lat' dir='ltr'>libertate</span> 
     </span>
     <span class='ocr_line' id='line_1_4' title="bbox 132 931 1124 1028; baseline 0.004 -31"><span class='ocrx_word' id='word_1_16' title='bbox 132 931 218 997; x_wconf 82' lang='lat' dir='ltr'>civili</span> <span class='ocrx_word' id='word_1_17' title='bbox 249 933 352 1021; x_wconf 86' lang='lat' dir='ltr'>deque</span> <span class='ocrx_word' id='word_1_18' title='bbox 382 936 532 1024; x_wconf 79' lang='lat' dir='ltr'>religione</span> <span class='ocrx_word' id='word_1_19' title='bbox 564 939 719 1014; x_wconf 89' lang='lat' dir='ltr'>notiones,</span> <span class='ocrx_word' id='word_1_20' title='bbox 757 939 847 1028; x_wconf 85' lang='lat' dir='ltr'>(quas</span> <span class='ocrx_word' id='word_1_21' title='bbox 881 960 966 1027; x_wconf 81' lang='lat' dir='ltr'>nune</span> <span class='ocrx_word' id='word_1_22' title='bbox 1005 937 1078 1001; x_wconf 90' lang='lat' dir='ltr'>inde</span> <span class='ocrx_word' id='word_1_23' title='bbox 1105 957 1124 1001; x_wconf 85' lang='lat' dir='ltr'>a</span> 
     </span>
     <span class='ocr_line' id='line_1_5' title="bbox 133 1042 1124 1138; baseline 0.002 -29"><span class='ocrx_word' id='word_1_24' title='bbox 133 1042 279 1111; x_wconf 85' lang='lat' dir='ltr'>Frairciae</span> <span class='ocrx_word' id='word_1_25' title='bbox 302 1049 502 1115; x_wconf 76' lang='lat' dir='ltr'>conversione</span> <span class='ocrx_word' id='word_1_26' title='bbox 524 1052 723 1119; x_wconf 80' lang='lat' dir='ltr'>reformidare</span> <span class='ocrx_word' id='word_1_27' title='bbox 742 1049 913 1138; x_wconf 77' lang='lat' dir='ltr'>discimus),</span> <span class='ocrx_word' id='word_1_28' title='bbox 936 1051 1028 1115; x_wconf 88' lang='lat' dir='ltr'>simul</span> <span class='ocrx_word' id='word_1_29' title='bbox 1047 1049 1124 1115; x_wconf 88' lang='lat' dir='ltr'>adco</span> 
     </span>
    </p>
   </div>
   <div class='ocr_carea' id='block_1_3' title="bbox 131 1158 1216 1248">
    <p class='ocr_par' dir='ltr' id='par_1_3' title="bbox 131 1158 1216 1248">
     <span class='ocr_line' id='line_1_6' title="bbox 131 1158 1216 1248; baseline 0.003 -28"><span class='ocrx_word' id='word_1_30' title='bbox 131 1158 275 1223; x_wconf 88' lang='lat' dir='ltr'>stabilem</span> <span class='ocrx_word' id='word_1_31' title='bbox 293 1159 450 1246; x_wconf 87' lang='lat' dir='ltr'>plerisque</span> <span class='ocrx_word' id='word_1_32' title='bbox 469 1163 643 1248; x_wconf 78' lang='lat' dir='ltr'>adparuisse</span> <span class='ocrx_word' id='word_1_33' title='bbox 665 1186 771 1228; x_wconf 88' lang='lat' dir='ltr'>rerum</span> <span class='ocrx_word' id='word_1_34' title='bbox 793 1163 1021 1239; x_wconf 90' lang='lat' dir='ltr'>conditionem,</span> <span class='ocrx_word' id='word_1_35' title='bbox 1041 1183 1123 1247; x_wconf 92' lang='lat' dir='ltr'>qua·</span> <span class='ocrx_word' id='word_1_36' title='bbox 1146 1202 1149 1211; x_wconf 62' lang='lat'>=</span> <span class='ocrx_word' id='word_1_37' title='bbox 1213 1184 1216 1191; x_wconf 60' lang='lat'><strong>⁴</strong></span> 
     </span>
    </p>
   </div>
   <div class='ocr_carea' id='block_1_4' title="bbox 63 1269 1223 3470">
    <p class='ocr_par' dir='ltr' id='par_1_4' title="bbox 63 1269 1223 3470">
     <span class='ocr_line' id='line_1_7' title="bbox 131 1269 1122 1362; baseline 0.003 -31"><span class='ocrx_word' id='word_1_38' title='bbox 131 1269 170 1333; x_wconf 88' lang='lat' dir='ltr'>lis</span> <span class='ocrx_word' id='word_1_39' title='bbox 193 1282 258 1335; x_wconf 87' lang='lat' dir='ltr'>erat</span> <span class='ocrx_word' id='word_1_40' title='bbox 284 1273 343 1336; x_wconf 87' lang='lat' dir='ltr'>sub</span> <span class='ocrx_word' id='word_1_41' title='bbox 366 1272 420 1336; x_wconf 90' lang='lat' dir='ltr'>illo</span> <span class='ocrx_word' id='word_1_42' title='bbox 446 1276 613 1362; x_wconf 81' lang='lat' dir='ltr'>regimine,</span> <span class='ocrx_word' id='word_1_43' title='bbox 648 1290 683 1341; x_wconf 88' lang='lat' dir='ltr'>ut</span> <span class='ocrx_word' id='word_1_44' title='bbox 711 1277 830 1341; x_wconf 88' lang='lat' dir='ltr'>nobiles</span> <span class='ocrx_word' id='word_1_45' title='bbox 859 1275 954 1339; x_wconf 86' lang='lat' dir='ltr'>etiam</span> <span class='ocrx_word' id='word_1_46' title='bbox 982 1283 1122 1359; x_wconf 70' lang='lat' dir='ltr'>potentes</span> 
     </span>
     <span class='ocr_line' id='line_1_8' title="bbox 131 1382 1124 1472; baseline 0.008 -31"><span class='ocrx_word' id='word_1_47' title='bbox 131 1391 165 1442; x_wconf 88' lang='lat' dir='ltr'>et</span> <span class='ocrx_word' id='word_1_48' title='bbox 183 1382 289 1447; x_wconf 84' lang='lat' dir='ltr'>clerici</span> <span class='ocrx_word' id='word_1_49' title='bbox 305 1383 421 1469; x_wconf 87' lang='lat' dir='ltr'>absque</span> <span class='ocrx_word' id='word_1_50' title='bbox 440 1388 505 1451; x_wconf 79' lang='lat' dir='ltr'>utta</span> <span class='ocrx_word' id='word_1_51' title='bbox 525 1388 712 1455; x_wconf 58' lang='lat' dir='ltr'>verecundi&amp;</span> <span class='ocrx_word' id='word_1_52' title='bbox 729 1389 948 1472; x_wconf 87' lang='lat' dir='ltr'>profiterentur</span> <span class='ocrx_word' id='word_1_53' title='bbox 960 1408 993 1450; x_wconf 93' lang='lat' dir='ltr'>se</span> <span class='ocrx_word' id='word_1_54' title='bbox 1005 1385 1041 1450; x_wconf 71' lang='lat' dir='ltr'>ei</span> <span class='ocrx_word' id='word_1_55' title='bbox 1050 1384 1124 1469; x_wconf 87' lang='lat' dir='ltr'>plai—</span> 
     </span>
     <span class='ocr_line' id='line_1_9' title="bbox 131 1488 1124 1582; baseline 0.004 -30"><span class='ocrx_word' id='word_1_56' title='bbox 131 1488 272 1574; x_wconf 71' lang='lat' dir='ltr'>losophid</span> <span class='ocrx_word' id='word_1_57' title='bbox 300 1493 464 1572; x_wconf 85' lang='lat' dir='ltr'>delectari,</span> <span class='ocrx_word' id='word_1_58' title='bbox 498 1520 629 1582; x_wconf 88' lang='lat' dir='ltr'>eamque</span> <span class='ocrx_word' id='word_1_59' title='bbox 657 1510 892 1581; x_wconf 78' lang='lat' dir='ltr'>promoverent,</span> <span class='ocrx_word' id='word_1_60' title='bbox 928 1508 959 1560; x_wconf 85' lang='lat' dir='ltr'>at</span> <span class='ocrx_word' id='word_1_61' title='bbox 986 1496 1026 1558; x_wconf 90' lang='lat' dir='ltr'>de</span> <span class='ocrx_word' id='word_1_62' title='bbox 1051 1516 1124 1557; x_wconf 88' lang='lat' dir='ltr'>suae</span> 
     </span>
     <span class='ocr_line' id='line_1_10' title="bbox 83 1603 1124 1694; baseline 0.003 -29"><span class='ocrx_word' id='word_1_63' title='bbox 83 1620 87 1630; x_wconf 89' lang='lat'><strong>·</strong></span> <span class='ocrx_word' id='word_1_64' title='bbox 130 1603 250 1687; x_wconf 86' lang='lat' dir='ltr'>patriae</span> <span class='ocrx_word' id='word_1_65' title='bbox 277 1604 423 1668; x_wconf 88' lang='lat' dir='ltr'>institutis</span> <span class='ocrx_word' id='word_1_66' title='bbox 453 1608 608 1672; x_wconf 89' lang='lat' dir='ltr'>mutandis</span> <span class='ocrx_word' id='word_1_67' title='bbox 638 1632 678 1673; x_wconf 89' lang='lat' dir='ltr'>nc</span> <span class='ocrx_word' id='word_1_68' title='bbox 711 1609 884 1694; x_wconf 86' lang='lat' dir='ltr'>cogitarent</span> <span class='ocrx_word' id='word_1_69' title='bbox 910 1606 1039 1692; x_wconf 90' lang='lat' dir='ltr'>quidem</span> <span class='ocrx_word' id='word_1_70' title='bbox 1065 1603 1124 1688; x_wconf 80' lang='lat' dir='ltr'>(l).</span> 
     </span>
     <span class='ocr_line' id='line_1_11' title="bbox 130 1712 1123 1803; baseline 0.004 -27"><span class='ocrx_word' id='word_1_71' title='bbox 130 1712 181 1776; x_wconf 81' lang='lat' dir='ltr'>Ab</span> <span class='ocrx_word' id='word_1_72' title='bbox 201 1715 296 1779; x_wconf 73' lang='lat' dir='ltr'>alteria</span> <span class='ocrx_word' id='word_1_73' title='bbox 316 1728 404 1799; x_wconf 87' lang='lat' dir='ltr'>parte</span> <span class='ocrx_word' id='word_1_74' title='bbox 422 1738 528 1783; x_wconf 89' lang='lat' dir='ltr'>omnes</span> <span class='ocrx_word' id='word_1_75' title='bbox 549 1720 613 1784; x_wconf 85' lang='lat' dir='ltr'>fere</span> <span class='ocrx_word' id='word_1_76' title='bbox 633 1720 811 1803; x_wconf 83' lang='lat' dir='ltr'>scriptores,</span> <span class='ocrx_word' id='word_1_77' title='bbox 843 1718 921 1781; x_wconf 90' lang='lat' dir='ltr'>dum</span> <span class='ocrx_word' id='word_1_78' title='bbox 949 1716 1123 1782; x_wconf 83' lang='lat' dir='ltr'>humanita-</span> 
     </span>
     <span class='ocr_line' id='line_1_12' title="bbox 129 1823 1123 1916; baseline 0.004 -29"><span class='ocrx_word' id='word_1_79' title='bbox 129 1823 178 1901; x_wconf 79' lang='lat' dir='ltr'>tis,</span> <span class='ocrx_word' id='word_1_80' title='bbox 201 1825 364 1904; x_wconf 84' lang='lat' dir='ltr'>libertatis,</span> <span class='ocrx_word' id='word_1_81' title='bbox 389 1829 546 1916; x_wconf 83' lang='lat' dir='ltr'>religionis</span> <span class='ocrx_word' id='word_1_82' title='bbox 567 1831 713 1895; x_wconf 85' lang='lat' dir='ltr'>naturalis</span> <span class='ocrx_word' id='word_1_83' title='bbox 734 1832 846 1916; x_wconf 87' lang='lat' dir='ltr'>placita</span> <span class='ocrx_word' id='word_1_84' title='bbox 867 1841 1048 1906; x_wconf 76' lang='lat' dir='ltr'>tuerentur,</span> <span class='ocrx_word' id='word_1_85' title='bbox 1072 1829 1123 1891; x_wconf 89' lang='lat' dir='ltr'>iis-</span> 
     </span>
     <span class='ocr_line' id='line_1_13' title="bbox 131 1936 1124 2025; baseline 0.003 -24"><span class='ocrx_word' id='word_1_86' title='bbox 131 1936 203 2001; x_wconf 87' lang='lat' dir='ltr'>dem</span> <span class='ocrx_word' id='word_1_87' title='bbox 222 1959 312 2022; x_wconf 88' lang='lat' dir='ltr'>saepo</span> <span class='ocrx_word' id='word_1_88' title='bbox 332 1940 453 2024; x_wconf 88' lang='lat' dir='ltr'>scriptis</span> <span class='ocrx_word' id='word_1_89' title='bbox 474 1941 680 2006; x_wconf 86' lang='lat' dir='ltr'>udulaban&#39;tur</span> <span class='ocrx_word' id='word_1_90' title='bbox 699 1953 731 2004; x_wconf 89' lang='lat' dir='ltr'>et</span> <span class='ocrx_word' id='word_1_91' title='bbox 750 1953 893 2024; x_wconf 87' lang='lat' dir='ltr'>patronos</span> <span class='ocrx_word' id='word_1_92' title='bbox 918 1942 976 2004; x_wconf 88' lang='lat' dir='ltr'>sibi</span> <span class='ocrx_word' id='word_1_93' title='bbox 1004 1942 1124 2025; x_wconf 80' lang='lat' dir='ltr'>{lagita-</span> 
     </span>
     <span class='ocr_line' id='line_1_14' title="bbox 129 2048 1124 2137; baseline -0.001 -23"><span class='ocrx_word' id='word_1_94' title='bbox 129 2048 206 2114; x_wconf 85' lang='lat' dir='ltr'>bant</span> <span class='ocrx_word' id='word_1_95' title='bbox 236 2061 375 2135; x_wconf 88' lang='lat' dir='ltr'>potentes</span> <span class='ocrx_word' id='word_1_96' title='bbox 406 2051 563 2129; x_wconf 87' lang='lat' dir='ltr'>homines,</span> <span class='ocrx_word' id='word_1_97' title='bbox 586 2053 698 2137; x_wconf 85' lang='lat' dir='ltr'>quiin</span> <span class='ocrx_word' id='word_1_98' title='bbox 723 2052 832 2137; x_wconf 91' lang='lat' dir='ltr'>populi</span> <span class='ocrx_word' id='word_1_99' title='bbox 851 2051 982 2114; x_wconf 86' lang='lat' dir='ltr'>salutern</span> <span class='ocrx_word' id='word_1_100' title='bbox 1002 2073 1043 2114; x_wconf 89' lang='lat' dir='ltr'>ne</span> <span class='ocrx_word' id='word_1_101' title='bbox 1062 2052 1124 2115; x_wconf 87' lang='lat' dir='ltr'>nri-</span> 
     </span>
     <span class='ocr_line' id='line_1_15' title="bbox 128 2162 1121 2250; baseline 0 -24"><span class='ocrx_word' id='word_1_102' title='bbox 128 2162 249 2226; x_wconf 89' lang='lat' dir='ltr'>nimam</span> <span class='ocrx_word' id='word_1_103' title='bbox 266 2163 394 2247; x_wconf 90' lang='lat' dir='ltr'>quidem</span> <span class='ocrx_word' id='word_1_104' title='bbox 411 2163 645 2250; x_wconf 79' lang='lat' dir='ltr'>privilegiomm</span> <span class='ocrx_word' id='word_1_105' title='bbox 667 2165 853 2248; x_wconf 85' lang='lat' dir='ltr'>particulam</span> <span class='ocrx_word' id='word_1_106' title='bbox 868 2164 980 2229; x_wconf 82' lang='lat' dir='ltr'>cedere</span> <span class='ocrx_word' id='word_1_107' title='bbox 997 2163 1121 2239; x_wconf 80' lang='lat' dir='ltr'>vellent,</span> 
     </span>
     <span class='ocr_line' id='line_1_16' title="bbox 128 2275 1120 2361; baseline 0.001 -24"><span class='ocrx_word' id='word_1_108' title='bbox 128 2275 287 2337; x_wconf 78' lang='lat' dir='ltr'>caeterum</span> <span class='ocrx_word' id='word_1_109' title='bbox 307 2280 435 2359; x_wconf 85' lang='lat' dir='ltr'>quoque</span> <span class='ocrx_word' id='word_1_110' title='bbox 456 2276 595 2341; x_wconf 90' lang='lat' dir='ltr'>moribus</span> <span class='ocrx_word' id='word_1_111' title='bbox 623 2276 809 2360; x_wconf 87' lang='lat' dir='ltr'>deperditos.</span> <span class='ocrx_word' id='word_1_112' title='bbox 855 2278 902 2341; x_wconf 89' lang='lat' dir='ltr'>lta</span> <span class='ocrx_word' id='word_1_113' title='bbox 926 2300 952 2341; x_wconf 84' lang='lat' dir='ltr'>e.</span> <span class='ocrx_word' id='word_1_114' title='bbox 979 2299 1009 2361; x_wconf 79' lang='lat' dir='ltr'>g.</span> <span class='ocrx_word' id='word_1_115' title='bbox 1033 2298 1120 2341; x_wconf 75' lang='lat' dir='ltr'>ror,-</span> 
     </span>
     <span class='ocr_line' id='line_1_17' title="bbox 130 2386 1122 2477; baseline 0 -27"><span class='ocrx_word' id='word_1_116' title='bbox 130 2407 244 2451; x_wconf 82' lang='lat' dir='ltr'>ranrus</span> <span class='ocrx_word' id='word_1_117' title='bbox 265 2386 425 2451; x_wconf 83' lang='lat' dir='ltr'>liberiores</span> <span class='ocrx_word' id='word_1_118' title='bbox 442 2411 510 2453; x_wconf 90' lang='lat' dir='ltr'>suas</span> <span class='ocrx_word' id='word_1_119' title='bbox 531 2390 571 2453; x_wconf 90' lang='lat' dir='ltr'>de</span> <span class='ocrx_word' id='word_1_120' title='bbox 590 2390 742 2477; x_wconf 77' lang='lat' dir='ltr'>religione</span> <span class='ocrx_word' id='word_1_121' title='bbox 756 2390 916 2475; x_wconf 89' lang='lat' dir='ltr'>opiniones</span> <span class='ocrx_word' id='word_1_122' title='bbox 932 2387 1040 2452; x_wconf 87' lang='lat' dir='ltr'>debuit</span> <span class='ocrx_word' id='word_1_123' title='bbox 1050 2408 1122 2451; x_wconf 86' lang='lat' dir='ltr'>coe·</span> 
     </span>
     <span class='ocr_line' id='line_1_18' title="bbox 130 2497 1121 2584; baseline 0 -24"><span class='ocrx_word' id='word_1_124' title='bbox 130 2497 175 2573; x_wconf 79' lang='lat' dir='ltr'>trri</span> <span class='ocrx_word' id='word_1_125' title='bbox 192 2497 332 2575; x_wconf 88' lang='lat' dir='ltr'>cuidam,</span> <span class='ocrx_word' id='word_1_126' title='bbox 346 2512 442 2584; x_wconf 85' lang='lat' dir='ltr'>quem</span> <span class='ocrx_word' id='word_1_127' title='bbox 460 2500 548 2565; x_wconf 83' lang='lat' dir='ltr'>valde</span> <span class='ocrx_word' id='word_1_128' title='bbox 563 2502 687 2584; x_wconf 88' lang='lat' dir='ltr'>juvenis</span> <span class='ocrx_word' id='word_1_129' title='bbox 700 2501 785 2565; x_wconf 89' lang='lat' dir='ltr'>domi</span> <span class='ocrx_word' id='word_1_130' title='bbox 804 2502 898 2565; x_wconf 81' lang='lat' dir='ltr'>Ducis</span> <span class='ocrx_word' id='word_1_131' title='bbox 917 2522 956 2563; x_wconf 83' lang='lat' dir='ltr'>nn</span> <span class='ocrx_word' id='word_1_132' title='bbox 974 2501 1121 2563; x_wconf 73' lang='lat' dir='ltr'>mandas</span> 
     </span>
     <span class='ocr_line' id='line_1_19' title="bbox 63 2609 1122 2694; baseline -0.001 -24"><span class='ocrx_word' id='word_1_133' title='bbox 63 2664 71 2677; x_wconf 71' lang='grc'>,</span> <span class='ocrx_word' id='word_1_134' title='bbox 129 2609 361 2692; x_wconf 74' lang='lat' dir='ltr'>licqucntabat3</span> <span class='ocrx_word' id='word_1_135' title='bbox 397 2610 482 2672; x_wconf 89' lang='lat' dir='ltr'>idem</span> <span class='ocrx_word' id='word_1_136' title='bbox 515 2620 605 2693; x_wconf 62' lang='lat' dir='ltr'>potita</span> <span class='ocrx_word' id='word_1_137' title='bbox 638 2612 821 2694; x_wconf 73' lang='lat' dir='ltr'>provectiori</span> <span class='ocrx_word' id='word_1_138' title='bbox 859 2612 994 2673; x_wconf 87' lang='lat' dir='ltr'>multdm</span> <span class='ocrx_word' id='word_1_139' title='bbox 1022 2618 1122 2672; x_wconf 81' lang='lat' dir='ltr'>aetate</span> 
     </span>
     <span class='ocr_line' id='line_1_20' title="bbox 128 2717 1122 2805; baseline 0.001 -25"><span class='ocrx_word' id='word_1_140' title='bbox 128 2717 382 2804; x_wconf 81' lang='lat' dir='ltr'>quibuscumque</span> <span class='ocrx_word' id='word_1_141' title='bbox 398 2719 498 2784; x_wconf 88' lang='lat' dir='ltr'>modis</span> <span class='ocrx_word' id='word_1_142' title='bbox 518 2720 641 2805; x_wconf 86' lang='lat' dir='ltr'>placore</span> <span class='ocrx_word' id='word_1_143' title='bbox 664 2719 782 2784; x_wconf 90' lang='lat' dir='ltr'>studuit</span> <span class='ocrx_word' id='word_1_144' title='bbox 806 2719 903 2804; x_wconf 84' lang='lat' dir='ltr'>Regi,</span> <span class='ocrx_word' id='word_1_145' title='bbox 927 2717 1065 2782; x_wconf 84' lang='lat' dir='ltr'>Ducibus</span> <span class='ocrx_word' id='word_1_146' title='bbox 1083 2740 1122 2781; x_wconf 83' lang='lat' dir='ltr'>ns</span> 
     </span>
     <span class='ocr_line' id='line_1_21' title="bbox 127 2824 1223 2925; baseline -0.002 -32"><span class='ocrx_word' id='word_1_147' title='bbox 127 2848 322 2916; x_wconf 73' lang='lat' dir='ltr'>andnuman,</span> <span class='ocrx_word' id='word_1_148' title='bbox 347 2852 386 2893; x_wconf 82' lang='lat' dir='ltr'>nu</span> <span class='ocrx_word' id='word_1_149' title='bbox 405 2852 611 2911; x_wconf 75' lang='lat' dir='ltr'>namn-rsus,</span> <span class='ocrx_word' id='word_1_150' title='bbox 636 2830 740 2916; x_wconf 88' lang='lat' dir='ltr'>regiae</span> <span class='ocrx_word' id='word_1_151' title='bbox 760 2828 880 2914; x_wconf 87' lang='lat' dir='ltr'>pellici,</span> <span class='ocrx_word' id='word_1_152' title='bbox 895 2827 1026 2913; x_wconf 87' lang='lat' dir='ltr'>aliisque</span> <span class='ocrx_word' id='word_1_153' title='bbox 1039 2828 1121 2891; x_wconf 91' lang='lat' dir='ltr'>mul-</span> <span class='ocrx_word' id='word_1_154' title='bbox 1185 2824 1186 2827; x_wconf 47' lang='lat'>&#39;</span> <span class='ocrx_word' id='word_1_155' title='bbox 1219 2912 1223 2925; x_wconf 10' lang='grc' dir='ltr'><strong><em>κ</em></strong></span> 
     </span>
     <span class='ocr_line' id='line_1_22' title="bbox 128 2938 1120 3026; baseline -0.001 -23"><span class='ocrx_word' id='word_1_156' title='bbox 128 2938 167 3003; x_wconf 87' lang='lat' dir='ltr'>tis</span> <span class='ocrx_word' id='word_1_157' title='bbox 188 2941 379 3025; x_wconf 86' lang='lat' dir='ltr'>proceribus.</span> <span class='ocrx_word' id='word_1_158' title='bbox 425 2941 540 3006; x_wconf 86' lang='lat' dir='ltr'>Eodem</span> <span class='ocrx_word' id='word_1_159' title='bbox 569 2952 709 3026; x_wconf 89' lang='lat' dir='ltr'>tempore</span> <span class='ocrx_word' id='word_1_160' title='bbox 737 2940 895 3007; x_wconf 89' lang='lat' dir='ltr'>academia</span> <span class='ocrx_word' id='word_1_161' title='bbox 915 2940 1062 3004; x_wconf 84' lang='lat' dir='ltr'>Francica</span> <span class='ocrx_word' id='word_1_162' title='bbox 1083 2944 1120 3017; x_wconf 78' lang='lat' dir='ltr'>eb</span> 
     </span>
     <span class='ocr_line' id='line_1_23' title="bbox 127 3051 1119 3138; baseline 0.001 -23"><span class='ocrx_word' id='word_1_163' title='bbox 127 3072 229 3136; x_wconf 88' lang='lat' dir='ltr'>usquc</span> <span class='ocrx_word' id='word_1_164' title='bbox 261 3051 444 3119; x_wconf 83' lang='lat' dir='ltr'>adulationis</span> <span class='ocrx_word' id='word_1_165' title='bbox 474 3054 637 3138; x_wconf 88' lang='lat' dir='ltr'>processit,</span> <span class='ocrx_word' id='word_1_166' title='bbox 674 3063 710 3116; x_wconf 89' lang='lat' dir='ltr'>ut</span> <span class='ocrx_word' id='word_1_167' title='bbox 740 3053 925 3118; x_wconf 86' lang='lat' dir='ltr'>Marescalco</span> <span class='ocrx_word' id='word_1_168' title='bbox 959 3070 1119 3116; x_wconf 78' lang='lat' dir='ltr'>naonrcro</span> 
     </span>
     <span class='ocr_line' id='line_1_24' title="bbox 124 3163 1119 3248; baseline -0.001 -21"><span class='ocrx_word' id='word_1_169' title='bbox 124 3184 245 3227; x_wconf 78' lang='lat' dir='ltr'>saxoni</span> <span class='ocrx_word' id='word_1_170' title='bbox 265 3164 370 3248; x_wconf 84' lang='lat' dir='ltr'>legere</span> <span class='ocrx_word' id='word_1_171' title='bbox 389 3187 426 3228; x_wconf 89' lang='lat' dir='ltr'>ac</span> <span class='ocrx_word' id='word_1_172' title='bbox 451 3165 585 3229; x_wconf 86' lang='lat' dir='ltr'>scribere</span> <span class='ocrx_word' id='word_1_173' title='bbox 605 3164 654 3225; x_wconf 86' lang='lat' dir='ltr'>vix</span> <span class='ocrx_word' id='word_1_174' title='bbox 683 3164 808 3228; x_wconf 91' lang='lat' dir='ltr'>callenti</span> <span class='ocrx_word' id='word_1_175' title='bbox 841 3163 947 3227; x_wconf 91' lang='lat' dir='ltr'>locum</span> <span class='ocrx_word' id='word_1_176' title='bbox 968 3164 1049 3226; x_wconf 91' lang='lat' dir='ltr'>inter</span> <span class='ocrx_word' id='word_1_177' title='bbox 1067 3165 1119 3226; x_wconf 85' lang='lat' dir='ltr'>XL</span> 
     </span>
     <span class='ocr_line' id='line_1_25' title="bbox 126 3273 1120 3358; baseline 0 -22"><span class='ocrx_word' id='word_1_178' title='bbox 126 3274 261 3339; x_wconf 86' lang='lat' dir='ltr'>literatos</span> <span class='ocrx_word' id='word_1_179' title='bbox 287 3275 458 3350; x_wconf 82' lang='lat' dir='ltr'>obtulerit,</span> <span class='ocrx_word' id='word_1_180' title='bbox 480 3295 574 3358; x_wconf 92' lang='lat' dir='ltr'>quem</span> <span class='ocrx_word' id='word_1_181' title='bbox 598 3294 672 3336; x_wconf 91' lang='lat' dir='ltr'>cum</span> <span class='ocrx_word' id='word_1_182' title='bbox 696 3273 836 3354; x_wconf 90' lang='lat' dir='ltr'>accipere</span> <span class='ocrx_word' id='word_1_183' title='bbox 861 3282 1045 3345; x_wconf 88' lang='lat' dir='ltr'>recusasset,</span> <span class='ocrx_word' id='word_1_184' title='bbox 1069 3284 1120 3336; x_wconf 80' lang='lat' dir='ltr'>ta-</span> 
     </span>
     <span class='ocr_line' id='line_1_26' title="bbox 126 3381 1118 3470; baseline -0.001 -22"><span class='ocrx_word' id='word_1_185' title='bbox 126 3406 202 3449; x_wconf 89' lang='lat' dir='ltr'>men</span> <span class='ocrx_word' id='word_1_186' title='bbox 221 3384 287 3468; x_wconf 87' lang='lat' dir='ltr'>ejus</span> <span class='ocrx_word' id='word_1_187' title='bbox 309 3385 490 3470; x_wconf 83' lang='lat' dir='ltr'>suffragium</span> <span class='ocrx_word' id='word_1_188' title='bbox 510 3383 608 3469; x_wconf 79' lang='lat' dir='ltr'>poetis</span> <span class='ocrx_word' id='word_1_189' title='bbox 632 3384 745 3447; x_wconf 90' lang='lat' dir='ltr'>summi</span> <span class='ocrx_word' id='word_1_190' title='bbox 765 3384 915 3447; x_wconf 88' lang='lat' dir='ltr'>momenti</span> <span class='ocrx_word' id='word_1_191' title='bbox 940 3381 1118 3449; x_wconf 88' lang='lat' dir='ltr'>habendum</span> 
     </span>
    </p>
   </div>
   <div class='ocr_carea' id='block_1_5' title="bbox 98 3708 1167 3789">
    <p class='ocr_par' dir='ltr' id='par_1_5' title="bbox 98 3708 1167 3789">
     <span class='ocr_line' id='line_1_27' title="bbox 98 3708 1167 3789; baseline 0.001 -21"><span class='ocrx_word' id='word_1_192' title='bbox 98 3708 211 3781; x_wconf 22' lang='lat' dir='ltr'>&#39;leorum&#39;</span> <span class='ocrx_word' id='word_1_193' title='bbox 223 3730 332 3769; x_wconf 82' lang='lat' dir='ltr'>coetuum</span> <span class='ocrx_word' id='word_1_194' title='bbox 349 3719 479 3769; x_wconf 86' lang='lat' dir='ltr'>levioribus</span> <span class='ocrx_word' id='word_1_195' title='bbox 496 3720 567 3770; x_wconf 85' lang='lat' dir='ltr'>rebus</span> <span class='ocrx_word' id='word_1_196' title='bbox 583 3730 692 3771; x_wconf 82' lang='lat' dir='ltr'>sarantes</span> <span class='ocrx_word' id='word_1_197' title='bbox 706 3721 833 3770; x_wconf 83' lang='lat' dir='ltr'>ridiculum</span> <span class='ocrx_word' id='word_1_198' title='bbox 850 3737 935 3769; x_wconf 82' lang='lat' dir='ltr'>nomen</span> <span class='ocrx_word' id='word_1_199' title='bbox 951 3722 1058 3770; x_wconf 71' lang='lat' dir='ltr'>meruere</span> <span class='ocrx_word' id='word_1_200' title='bbox 1076 3723 1117 3769; x_wconf 79' lang='lat' dir='ltr'>brr-</span> <span class='ocrx_word' id='word_1_201' title='bbox 1165 3783 1167 3789; x_wconf 33' lang='grc' dir='ltr'>Ι</span> 
     </span>
    </p>
   </div>
   <div class='ocr_carea' id='block_1_6' title="bbox 124 3794 1118 4241">
    <p class='ocr_par' dir='ltr' id='par_1_6' title="bbox 125 3794 848 3878">
     <span class='ocr_line' id='line_1_28' title="bbox 125 3794 848 3878; baseline 0 -18"><span class='ocrx_word' id='word_1_202' title='bbox 125 3827 206 3861; x_wconf 74' lang='lat' dir='ltr'>raouc</span> <span class='ocrx_word' id='word_1_203' title='bbox 224 3794 340 3875; x_wconf 78' lang='lat' dir='ltr'>d&#39;eeprs&#39;t.</span> <span class='ocrx_word' id='word_1_204' title='bbox 375 3812 410 3860; x_wconf 84' lang='lat' dir='ltr'>lle</span> <span class='ocrx_word' id='word_1_205' title='bbox 428 3812 465 3860; x_wconf 79' lang='lat' dir='ltr'>bia</span> <span class='ocrx_word' id='word_1_206' title='bbox 479 3812 548 3878; x_wconf 84' lang='lat' dir='ltr'>plura</span> <span class='ocrx_word' id='word_1_207' title='bbox 566 3811 645 3861; x_wconf 83' lang='lat' dir='ltr'>dicere</span> <span class='ocrx_word' id='word_1_208' title='bbox 662 3829 709 3861; x_wconf 87' lang='lat' dir='ltr'>non</span> <span class='ocrx_word' id='word_1_209' title='bbox 726 3804 785 3877; x_wconf 85' lang='lat' dir='ltr'>opus</span> <span class='ocrx_word' id='word_1_210' title='bbox 804 3822 848 3860; x_wconf 87' lang='lat' dir='ltr'>est.</span> 
     </span>
    </p>

    <p class='ocr_par' dir='ltr' id='par_1_7' title="bbox 124 3900 1118 4241">
     <span class='ocr_line' id='line_1_29' title="bbox 160 3900 1117 3970; baseline 0 -19"><span class='ocrx_word' id='word_1_211' title='bbox 160 3901 198 3970; x_wconf 86' lang='lat' dir='ltr'>(t)</span> <span class='ocrx_word' id='word_1_212' title='bbox 216 3905 364 3965; x_wconf 80' lang='lat' dir='ltr'>Scnaossaa,</span> <span class='ocrx_word' id='word_1_213' title='bbox 386 3919 424 3968; x_wconf 85' lang='lat' dir='ltr'>op.</span> <span class='ocrx_word' id='word_1_214' title='bbox 445 3905 487 3953; x_wconf 86' lang='lat' dir='ltr'>cit.</span> <span class='ocrx_word' id='word_1_215' title='bbox 505 3905 526 3954; x_wconf 90' lang='lat'>1.</span> <span class='ocrx_word' id='word_1_216' title='bbox 544 3919 600 3969; x_wconf 83' lang='lat' dir='ltr'>pag.</span> <span class='ocrx_word' id='word_1_217' title='bbox 618 3905 670 3954; x_wconf 80' lang='lat'>478</span> <span class='ocrx_word' id='word_1_218' title='bbox 686 3921 722 3969; x_wconf 79' lang='lat' dir='ltr'>sq.</span> <span class='ocrx_word' id='word_1_219' title='bbox 753 3902 782 3952; x_wconf 83' lang='lat' dir='ltr'>L.</span> <span class='ocrx_word' id='word_1_220' title='bbox 803 3902 833 3951; x_wconf 75' lang='grc' dir='ltr'>Ρ.</span> <span class='ocrx_word' id='word_1_221' title='bbox 853 3903 895 3950; x_wconf 71' lang='grc'>76.</span> <span class='ocrx_word' id='word_1_222' title='bbox 913 3903 1023 3950; x_wconf 81' lang='lat' dir='ltr'>Proceree</span> <span class='ocrx_word' id='word_1_223' title='bbox 1040 3900 1078 3949; x_wconf 84' lang='lat' dir='ltr'>illi</span> <span class='ocrx_word' id='word_1_224' title='bbox 1089 3901 1117 3951; x_wconf 83' lang='lat' dir='ltr'>ad</span> 
     </span>
     <span class='ocr_line' id='line_1_30' title="bbox 126 3991 1118 4062; baseline -0.005 -16"><span class='ocrx_word' id='word_1_225' title='bbox 126 3995 234 4046; x_wconf 85' lang='lat' dir='ltr'>coenula&#39;a</span> <span class='ocrx_word' id='word_1_226' title='bbox 251 3996 298 4062; x_wconf 83' lang='lat' dir='ltr'>(lca</span> <span class='ocrx_word' id='word_1_227' title='bbox 310 3998 392 4062; x_wconf 80' lang='lat' dir='ltr'>petita</span> <span class='ocrx_word' id='word_1_228' title='bbox 408 3995 521 4062; x_wconf 73' lang='lat' dir='ltr'>erupere)</span> <span class='ocrx_word' id='word_1_229' title='bbox 538 3997 589 4060; x_wconf 86' lang='lat' dir='ltr'>pari</span> <span class='ocrx_word' id='word_1_230' title='bbox 608 3994 759 4043; x_wconf 55' lang='lat' dir='ltr'>conniventia</span> <span class='ocrx_word' id='word_1_231' title='bbox 777 3991 934 4043; x_wconf 75' lang='lat' dir='ltr'>admittebant</span> <span class='ocrx_word' id='word_1_232' title='bbox 950 3991 1076 4043; x_wconf 84' lang='lat' dir='ltr'>histriones</span> <span class='ocrx_word' id='word_1_233' title='bbox 1093 4005 1118 4043; x_wconf 88' lang='lat' dir='ltr'>et</span> 
     </span>
     <span class='ocr_line' id='line_1_31' title="bbox 124 4081 1117 4152; baseline -0.001 -16"><span class='ocrx_word' id='word_1_234' title='bbox 124 4088 269 4151; x_wconf 71' lang='lat' dir='ltr'>ingeniosos</span> <span class='ocrx_word' id='word_1_235' title='bbox 287 4089 396 4138; x_wconf 78' lang='lat' dir='ltr'>borsines</span> <span class='ocrx_word' id='word_1_236' title='bbox 413 4101 454 4134; x_wconf 86' lang='lat' dir='ltr'>seu</span> <span class='ocrx_word' id='word_1_237' title='bbox 472 4083 631 4150; x_wconf 81' lang='lat' dir='ltr'>philosophos.</span> <span class='ocrx_word' id='word_1_238' title='bbox 655 4084 779 4149; x_wconf 72' lang='lat' dir='ltr'>vUtrisque</span> <span class='ocrx_word' id='word_1_239' title='bbox 796 4081 853 4132; x_wconf 88' lang='lat' dir='ltr'>adeo</span> <span class='ocrx_word' id='word_1_240' title='bbox 869 4099 893 4132; x_wconf 86' lang='lat' dir='ltr'>se</span> <span class='ocrx_word' id='word_1_241' title='bbox 911 4085 1052 4152; x_wconf 86' lang='lat' dir='ltr'>praecellere</span> <span class='ocrx_word' id='word_1_242' title='bbox 1070 4104 1117 4151; x_wconf 83' lang='lat' dir='ltr'>pu-</span> 
     </span>
     <span class='ocr_line' id='line_1_32' title="bbox 126 4174 904 4241; baseline 0.003 -17"><span class='ocrx_word' id='word_1_243' title='bbox 126 4175 219 4241; x_wconf 85' lang='lat' dir='ltr'>tabant,</span> <span class='ocrx_word' id='word_1_244' title='bbox 237 4187 266 4224; x_wconf 89' lang='lat' dir='ltr'>ut</span> <span class='ocrx_word' id='word_1_245' title='bbox 284 4177 336 4225; x_wconf 79' lang='lat' dir='ltr'>tuti</span> <span class='ocrx_word' id='word_1_246' title='bbox 355 4193 393 4225; x_wconf 89' lang='lat' dir='ltr'>eos</span> <span class='ocrx_word' id='word_1_247' title='bbox 410 4175 439 4224; x_wconf 89' lang='lat' dir='ltr'>ad</span> <span class='ocrx_word' id='word_1_248' title='bbox 457 4176 644 4226; x_wconf 77' lang='lat' dir='ltr'>familiaritatem</span> <span class='ocrx_word' id='word_1_249' title='bbox 662 4174 787 4225; x_wconf 84' lang='lat' dir='ltr'>admittere</span> <span class='ocrx_word' id='word_1_250' title='bbox 804 4187 904 4241; x_wconf 82' lang='lat' dir='ltr'>possent.</span> 
     </span>
    </p>
   </div>
   <div class='ocr_carea' id='block_1_7' title="bbox 0 0 1450 5042">
    <p class='ocr_par' dir='ltr' id='par_1_8' title="bbox 0 0 1450 5042">
     <span class='ocr_line' id='line_1_33' title="bbox 0 0 1450 5042; baseline 0 1"><span class='ocrx_word' id='word_1_251' title='bbox 0 0 1450 5042; x_wconf 95' lang='lat' dir='ltr'> </span> 
     </span>
    </p>
   </div>
  </div>
 </body>
</html>
