2892 5042
813 528 855 589 80

340 711 443 786 dach,
467 709 546 773 alter
565 720 600 771 ut
616 707 775 771 historiam
801 705 1020 781 universalem,
1045 706 1123 769 ulter
1145 713 1180 766 ut
1200 701 1332 767 histori-

340 845 391 888 am
405 825 578 887 Romanam
588 827 743 885 tractaret.
762 818 891 903 Scripsit
905 839 1075 884 amoenus
1092 816 1125 880 in
1144 837 1239 880 usum
1251 814 1329 902 regii

341 933 504 1020 principis,
537 932 590 998 oui
609 931 676 1016 ipse
696 931 740 995 ait
759 931 829 996 ideo
849 932 1028 997 discendam
1058 951 1126 994 esse
1148 927 1329 1004 historiam,

341 1050 415 1112 crim
437 1057 473 1111 ut
495 1067 535 1108 ne
553 1043 732 1130 principum
755 1054 841 1130 gesta
858 1044 1023 1129 praeterita
1042 1043 1181 1128 ignoret,
1206 1042 1274 1105 tlrm
1293 1051 1330 1103 ut

340 1157 531 1223 manifestior
561 1156 590 1220 ei
616 1155 669 1220 fiat
690 1155 748 1221 Dei
772 1155 955 1243 gubernatio
976 1155 1010 1219 in
1032 1155 1102 1220 satis
1130 1154 1329 1239 populorum.
1397 1194 1407 1206 ·

341 1272 436 1335 Porro
454 1268 664 1334 narrationem
686 1289 724 1332 eo
743 1247 874 1334 consilio
894 1268 1062 1353 disposuit,
1086 1276 1122 1330 ut
1145 1267 1227 1330 orbis
1250 1265 1330 1330 anti-

342 1384 416 1469 qui,
438 1391 475 1445 ut
496 1381 539 1445 ita
560 1379 680 1458 dicam,
714 1389 858 1444 centrum
887 1381 946 1466 ipsi
972 1381 1012 1444 sit
1032 1401 1108 1467 gens
1140 1377 1268 1443 Judaiea
1299 1389 1331 1440 ct

342 1506 412 1580 post
441 1493 536 1578 hujus
567 1492 707 1570 ruinam,
741 1493 873 1558 ecclesia
906 1491 1098 1571 Christiana3
1129 1490 1241 1554 harum
1276 1499 1331 1553 ant

342 1608 461 1696 gloriae
479 1617 534 1672 aut
553 1605 725 1670 humilitati
745 1603 974 1690 promovendae
994 1603 1142 1668 inservire
1161 1602 1329 1666 arbitratus

342 1738 562 1803 quaecumque
581 1716 673 1781 variis
697 1716 822 1799 populis
844 1715 1030 1781 acciderent.

385 1832 496 1915 Itaque
522 1829 556 1893 in
585 1828 701 1893 diserto
726 1827 781 1891 illo
800 1829 886 1892 Sacri
908 1828 1045 1893 Oratoris
1069 1829 1239 1914 specimine
1261 1849 1331 1892 om·

342 1943 410 2022 nia,
434 1962 514 2028 quae
532 1939 686 2006 humanae
705 1924 888 2026 prudentiae
907 1951 995 2019 sunt,
1020 1941 1142 2005 nonnisi
1158 1941 1192 2004 in
1209 1939 1331 2026 digres-

342 2056 480 2122 sionibus
507 2054 636 2119 lortuith
658 2055 765 2118 locum
788 2053 929 2119 obtinere
947 2066 1084 2140 possunt.
1123 2056 1233 2140 Neque
1261 2076 1329 2139 spa-

343 2169 423 2231 tium
444 2166 534 2231 datur
554 2165 681 2229 criticae
699 2164 850 2242 sontium,
872 2188 972 2251 quum
989 2167 1165 2253 gravissima
1181 2168 1281 2231 solnm
1298 2178 1330 2229 et

343 2279 486 2343 universe
514 2287 588 2340 nota
615 2276 713 2354 facte,
744 2298 824 2361 quae
855 2279 994 2344 referunt
1025 2279 1101 2345 seori
1139 2291 1171 2344 et
1210 2278 1331 2364 profani

343 2391 478 2469 classici,
502 2389 601 2454 nobili
624 2399 655 2453 et
674 2390 805 2454 solemni
828 2393 972 2457 orationis
994 2415 1089 2457 cursu
1107 2403 1238 2477 exponat
1257 2414 1330 2457 aoc-

344 2517 394 2570 tor
409 2503 468 2591 (1).
490 2504 727 2587 Mospesourvrr
748 2503 875 2590 ingenio
886 2527 949 2568 non
962 2505 1103 2590 placebat
1124 2505 1166 2570 ita
1187 2527 1330 2570 enanare

297 2682 299 2685 ,
343 2619 530 2705 populorum
557 2638 605 2679 res
624 2625 742 2702 gestas,
766 2617 914 2681 arteriis
937 2617 1017 2682 nihil
1033 2619 1092 2683 nisi
1116 2619 1331 2704 obstupescere

344 2743 376 2796 et
393 2729 542 2796 voluntati
561 2729 684 2795 divinae
702 2751 812 2814 perere
830 2729 998 2807 discamos3
1025 2751 1130 2794 causas
1151 2740 1182 2793 ct
1194 2730 1330 2794 infortu-

344 2844 467 2906 niorum
488 2850 520 2903 et
539 2839 680 2902 felicium
707 2860 921 2913 successuum,
945 2860 1027 2923 quae
1049 2838 1190 2904 homines
1211 2842 1330 2927 experti

344 2964 457 3029 essent,
481 2948 674 3036 quaerendas
702 2948 848 3013 censebat
871 2948 1018 3013 inbonis
1042 2951 1169 3015 malisve
1191 2952 1332 3037 ipsorum

344 3063 494 3141 consiliis,
518 3083 651 3148 eamque
673 3059 833 3126 scientiam
855 3060 1001 3145 prodesse
1023 3072 1059 3124 ut
1087 3064 1256 3148 apraeviis
1280 3087 1331 3129 er·

344 3176 465 3242 roribus
481 3174 679 3262 postmodnm
698 3172 899 3239 abstinerent.
932 3175 1144 3261 Pragmaticae
1156 3175 1252 3263 igitur
1267 3176 1331 3240 his-

380 3467 418 3531 rt)
436 3467 473 3514 cf.
492 3477 603 3522 sosares,
622 3464 790 3512 diaconessas·
803 3462 881 3511 l'lrist.
898 3467 969 3512 univ.
990 3465 1066 3530 praes.
1093 3467 1181 3515 Unicus
1197 3465 1275 3527 lorus,
1287 3466 1331 3516 uhi

344 3558 449 3607 fontium
463 3557 544 3604 critiri
557 3563 647 3617 utatur,
669 3564 701 3602 est
721 3552 750 3602 Ρ.
768 3553 794 3617 1,
812 3568 861 3618 cap.
880 3555 940 3618 Vll,
959 3553 1002 3603 uhi
1021 3554 1120 3622 probare
1137 3567 1213 3608 tentat
1227 3557 1332 3607 hebreos

344 3660 449 3701 auctores
465 3647 563 3712 melius,
586 3662 656 3712 qaam
681 3646 802 3709 Graecos,
832 3649 966 3710 cognovisse
990 3650 1142 3715 Assyriorum
1161 3648 1332 3716 uotorumque

343 3739 512 3792 restitissem.
545 3735 666 3800 Quomodo
683 3738 804 3785 Summum
822 3735 913 3786 Nomen
931 3748 1027 3788 cunctas
1043 3756 1080 3788 res
1098 3749 1223 3789 terrestres
1238 3740 1331 3806 gaher-

233 3851 240 3858 ·
344 3834 437 3885 neverit
458 3828 606 3880 hebreorum
625 3837 650 3876 et
666 3826 778 3897 ecclesiae
800 3828 888 3891 gratia,
907 3829 982 3878 fusius
1005 3834 1102 3896 exponit
1122 3848 1148 3898 p.
1165 3835 1201 3882 ll,
1225 3832 1331 3882 llabrica

343 3946 368 3995 p.
387 3929 433 3989 lll,
451 3940 502 3989 cap.
522 3923 548 3988 1,
566 3921 629 3972 sert:
653 3921 712 3969 »Les
734 3917 880 3968 revolutione
896 3918 937 3970 des
953 3922 1054 3987 empirei¹
1070 3933 1124 3972 sont
1140 3922 1230 3988 re'gle'es
1247 3941 1289 3991 par
1305 3925 1330 3974 la

343 4018 500 4080 Providence,
519 4025 544 4064 et
559 4020 662 4064 seram
677 4011 694 4062 t
712 4014 833 4062 humilior
848 4015 886 4062 les
902 4012 1028 4077 prbicrs.”
1053 4014 1204 4079 Carpithsnc
1212 4017 1330 4066 rationem

343 4110 455 4159 historiae
471 4106 606 4158 scribendae
622 4118 752 4167 socratas,
773 4106 856 4154 Esses·
869 4122 915 4155 sor
929 4107 966 4156 les
981 4122 1088 4169 moeurs,
1108 4116 1286 4173 avant-propos,
1306 4112 1331 4159 le

344 4202 519 4270 Pyrrhonem
540 4201 569 4248 da
585 4196 717 4257 l’bs'stos‘re,
737 4196 811 4262 Chsp.
827 4197 859 4245 11.
