2892 5042
599 508 640 569 27

125 698 265 772 egermt
289 687 329 766 ti,
344 683 417 773 'qui
442 688 700 776 ttontesquvioni
729 688 844 757 leheris
865 689 944 755 utile
967 708 1117 775 conpen-

125 793 220 860 dim
236 818 271 860 se
289 797 425 863 facturos
452 800 633 878 crederent,
668 799 746 866 dum
765 800 841 867 hinc
858 801 948 867 illinc
965 822 1002 867 cx
1023 821 1117 887 opere

122 908 241 991 placita
262 923 469 997 congererent
488 913 559 990 aut,
586 933 683 999 quam
700 914 845 980 Auctoris
862 915 973 992 luerat,
993 923 1113 991 mente;

122 1031 160 1082 ut
182 1021 308 1112 scilicet
331 1033 443 1089 trunca
468 1035 500 1088 et
520 1025 641 1110 saepius
663 1048 723 1091 nec
750 1026 808 1092 sihi
835 1045 990 1114 congrus,
1011 1047 1116 1111 neque

122 1131 341 1213 cohaerentia,
365 1135 542 1222 religionis,
568 1137 715 1221 politicae
738 1138 939 1223 prudentiae,
964 1138 1045 1224 juris
1071 1137 1116 1205 ci-

58 1284 64 1291 -
123 1244 194 1308 vilis
218 1257 279 1312 etc.
305 1260 468 1334 systemata
489 1248 669 1316 exsisterent
686 1248 743 1338 (1).

165 1357 238 1422 Atia
259 1370 366 1423 autem
385 1360 525 1443 quaestio
541 1361 652 1446 agitari
663 1362 773 1446 possit,
796 1383 874 1425 num
892 1359 979 1446 apud
997 1362 1115 1426 Aucto·
1213 1423 1216 1436 ,

122 1489 192 1531 rem
212 1470 252 1534 N.
276 1491 399 1553 semper
427 1492 483 1534 suo
510 1492 657 1557 qumque
678 1473 748 1537 loco
771 1471 913 1548 venient,
936 1492 1014 1534 num
1035 1491 1114 1536 con-

122 1579 234 1658 tinuo,
258 1581 336 1645 dum
357 1581 418 1647 hoo
442 1583 536 1647 illore
554 1594 697 1668 respectu
719 1582 879 1650 decausis
901 1583 1009 1669 legum
1034 1603 1112 1647 eon-

122 1691 303 1758 dendarum
333 1706 453 1781 ageret,
481 1707 583 1780 cetera
613 1694 850 1761 considerationi
872 1694 1012 1778 subjecta
1033 1692 1109 1757 reli-

121 1806 241 1889 querit.
275 1806 344 1870 Imlr
361 1807 393 1871 id
414 1809 590 1894 saepissime
608 1809 649 1873 ab
669 1810 737 1894 ipso
752 1808 934 1895 neglectum
950 1807 1025 1886 suit;
1046 1807 1109 1870 sive

119 1917 243 1999 potius,
270 1919 317 1983 uti
342 1941 436 2003 supra
461 1920 622 1983 ostendere
650 1930 890 1994 contimtum,
915 1919 944 1980 ei
961 1916 1110 1982 methodo

121 2031 261 2107 studuit,
287 2051 385 2116 quam
401 2042 525 2094 secutus
545 2030 682 2116 plurima
701 2030 794 2093 simul
812 2038 843 2092 et
863 2049 942 2093 nova
958 2027 1111 2093 lectorum

121 2143 225 2205 menti
246 2141 384 2220 offerret,
409 2162 514 2227 neque
531 2163 679 2228 magnam
704 2163 813 2206 curam
833 2140 988 2227 impendit
1008 2140 1045 2203 iis
1066 2140 1112 2204 lo-

121 2252 177 2329 cis,
201 2250 259 2316 uhi
270 2253 311 2318 ah
329 2252 391 2317 alio
401 2252 443 2318 ad
453 2253 539 2317 aliud
549 2265 773 2341 argumentum
783 2253 1008 2320 transeundum
1023 2263 1112 2321 esset.

161 2365 232 2430 Hoc
252 2365 367 2441 omisit,
388 2377 426 2430 ut
445 2366 544 2432 lector
563 2366 687 2432 sibimet
704 2363 864 2430 rideretur
882 2364 1003 2449 aliquid
1025 2365 1112 2428 inse·

122 2477 223 2555 ruisse,
245 2489 282 2540 ut
308 2477 407 2563 igitur
425 2478 553 2541 vanitati
575 2476 750 2561 legentium
776 2478 916 2561 placeret
942 2477 1038 2555 liher3
1063 2475 1112 2539 illi

122 2586 275 2651 methodo
308 2585 441 2664 studuit,
476 2597 513 2651 ut
548 2587 667 2655 animos
697 2588 782 2676 nori,
802 2582 940 2655 discendi
975 2585 1111 2649 ourimos

122 2700 276 2765 alliceret.
889 2677 892 2684 Δ

167 2812 235 2874 Nec
252 2808 388 2892 diversus
407 2830 517 2895 scopus
539 2811 633 2874 fuisse
652 2810 776 2876 videtur
793 2809 835 2887 is,
860 2828 925 2895 quo
945 2806 1110 2872 tenderent

124 2933 170 2986 tot
193 2922 337 3010 exempla
361 2933 392 2986 et
412 2922 632 3009 descriptiones
653 2934 708 2988 aut
723 2920 932 2998 narrationes,
954 2934 1032 3008 quot
1051 2943 1110 3007 pro

123 3036 283 3100 sententiis
315 3036 377 3099 suis
403 3034 522 3098 adferre
545 3036 665 3103 solebat
683 3056 710 3100 *c
730 3034 909 3120 longinquis
931 3031 1110 3119 regionibus

125 3156 158 3207 et
176 3146 300 3230 populis
320 3145 426 3209 minus
446 3146 549 3212 cultis.
589 3146 661 3227 Qud
682 3143 722 3208 de
743 3165 779 3207 re
799 3143 1110 3208 animadvertendum

111 3256 239 3335 etiam,
256 3278 320 3321 non
345 3256 420 3334 diu,
443 3267 612 3342 antequem
635 3255 781 3319 ederetur
810 3275 887 3340 opus
914 3255 956 3318 de
983 3254 1110 3343 Legum

122 3368 275 3461 Ingenio,
293 3368 469 3454 complures
489 3370 523 3438 in
542 3368 648 3434 lucem
656 3366 805 3452 prodiisse
824 3366 974 3431 itinerum
993 3390 1109 3433 narra-

122 3485 238 3575 tiones,
269 3484 436 3571 plerasque
465 3506 484 3550 a
507 3481 702 3549 Missionariis
726 3482 897 3560 coniectas,
930 3503 1012 3566 quae
1037 3503 1109 3547 mo-

53 3575 56 3578 ·
123 3596 221 3665 tibus¹
238 3596 372 3663 Orientis
400 3606 432 3661 et
448 3595 639 3662 Australium
660 3595 800 3683 gentium
822 3594 959 3660 multum
980 3594 1108 3659 luminis

76 3915 78 3920 ,
157 3878 195 3946 (1)
212 3880 298 3929 lta-nr
314 3894 345 3932 tt
361 3893 447 3942 roam,
468 3882 624 3932 otacrum
640 3877 694 3929 t'n.
712 3881 741 3927 rt.
759 3880 802 3938 L.,
816 3890 872 3940 pag.
887 3875 919 3922 1²
930 3888 966 3938 sq.
984 3872 1105 3922 Etsuotor

122 3969 205 4020 insulsi
222 3970 316 4036 libelli,
334 3974 373 4021 eni
390 3971 488 4035 titulus,
509 3975 531 4023 to
551 3972 629 4021 utne
647 3970 677 4019 de
693 3978 853 4023 rorrssouuu
862 3962 948 4034 (Aust.
958 3962 1044 4031 1760),
1062 3967 1106 4033 qui

122 4060 179 4111 odeo
202 4063 332 4126 promiscue
356 4062 434 4113 adfert
457 4062 519 4113 locos
537 4080 566 4113 ex
584 4063 699 4129 epistolio
717 4057 749 4110 P.
770 4074 826 4110 cum
849 4054 966 4131 capitibus
983 4058 1012 4109 de
1028 4059 1106 4128 Inge-
1127 4080 1136 4086 ·

121 4157 163 4207 trio
183 4155 281 4224 Lem.
