2892 5042
591 520 631 578 79

113 700 179 765 bito
205 698 294 762 viam·
311 696 387 761 milri
415 697 539 762 occludi
558 719 652 800 cerno
674 698 827 764 avalidae
856 702 996 766 factionis
1023 724 1102 788 pro-
1196 710 1199 716 ’

14 866 17 873 .
113 822 311 898 pugnatore,
347 810 464 897 gloriae
499 812 691 895 portionem,
726 833 822 897 quam
848 834 1104 892 uourusourvms

112 925 279 1009 hucusque
307 946 364 1008 pro
391 923 518 987 domino
541 924 733 1010 possederat,
765 924 994 1006 revindicante,
1025 929 1102 993 arri-

111 1039 234 1123 piente,
257 1038 431 1113 lacerante,
455 1047 491 1099 ut
512 1059 529 1100 c
550 1038 661 1121 pannis
676 1037 814 1102 consutis
836 1060 915 1103 nova
934 1040 1009 1104 fiant
1029 1022 1103 1104 aria-

88 1134 250 1217 ⁴themata
279 1152 398 1236 priscae
425 1150 559 1237 Imagini
588 1149 753 1215 offerenda.
798 1152 893 1237 Viget
915 1153 1015 1240 enim,
1045 1174 1104 1217 nec

112 1264 195 1328 tamt
215 1274 315 1339 caret,
349 1262 382 1325 in
406 1262 535 1326 Francia
561 1263 687 1339 saltem,
711 1262 827 1326 mirum
858 1262 1023 1328 hominum
1044 1287 1103 1351 ge-

114 1396 189 1451 nus,
214 1375 285 1461 qui,
316 1375 417 1458 spreti
439 1374 597 1439 notissimd
615 1375 694 1458 juris
721 1377 847 1461 regula,
872 1376 958 1461 quod
983 1377 1103 1441 iactum

115 1498 179 1564 est,
203 1486 355 1550 iniectum
374 1485 506 1549 reddere
524 1487 638 1562 velint,
661 1497 758 1570 atque
778 1489 820 1551 ita
840 1509 967 1551 morum
989 1488 1105 1553 doctri-

113 1607 204 1675 nam,
228 1597 392 1682 politicen,
420 1597 516 1661 bonas
536 1608 616 1660 artes
643 1598 801 1674 excolant,
825 1608 861 1661 ut
880 1598 1031 1662 continuo
1053 1620 1105 1662 ur·
1162 1586 1168 1595 ’

114 1720 224 1796 grant,
256 1731 351 1794 quam
376 1707 452 1772 felix
475 1709 554 1772 soret
577 1709 717 1793 Europae
744 1720 856 1786 status,
880 1712 904 1773 si
926 1710 1040 1775 rediret
1065 1709 1104 1774 ad

112 1821 301 1886 eumcultds
312 1820 453 1906 gradum,
476 1823 539 1906 qud
553 1832 747 1904 pervenerat,
767 1833 936 1907 antequam
956 1822 1104 1886 extitisset

55 1994 62 2008 ,
111 1936 229 2001 saeculi
250 1957 353 2021 praec.
376 1934 580 2019 philosophia.

157 2046 267 2112 Fidem
288 2047 390 2114 studio
414 2046 650 2110 adscribendam
673 2057 750 2129 puto
781 2066 935 2110 summam
961 2050 1105 2132 volupta-

111 2170 197 2234 tem,
231 2134 413 2243 quam‘sibi
438 2159 505 2222 foro
533 2159 647 2222 fatetur
679 2179 785 2221 sacrus
816 2157 872 2220 ille
898 2158 1047 2237 Criticus,
1080 2160 1106 2222 si

112 2270 220 2355 magni
241 2293 387 2336 nossunrr
404 2272 549 2336 laudibus
570 2270 729 2356 quippiam
749 2262 863 2336 addere
879 2272 974 2356 possit
991 2272 1026 2335 in
1051 2271 1105 2336 de·

112 2384 301 2447 trimentum
327 2383 400 2461 riri,
433 2405 544 2470 quem,
579 2383 697 2446 etiarnsi
726 2383 771 2446 nil
797 2394 955 2469 praeterea
980 2384 1012 2446 in
1040 2384 1106 2468 ipso

113 2494 408 2579 reprehendendum
438 2497 534 2570 soret,
565 2497 744 2578 complures
777 2507 861 2559 certe
898 2496 1106 2564 conversionis

114 2607 284 2671 Francicac
305 2608 440 2669 lautores
464 2606 634 2668 lauddrunt
657 2604 715 2690 (1).

127 2773 132 2779 .
161 2720 227 2783 Nec
249 2718 341 2783 flocci
366 2702 567 2802 pendendum
589 2716 797 2799 vituperium,
821 2738 884 2804 quo
909 2708 1106 2794 uournsour·
1169 2736 1174 2743 “

113 2852 198 2897 vrurr
217 2831 348 2916 premit,
371 2853 443 2894 eum
465 2830 583 2895 scilicet
601 2829 734 2893 inauditi
750 2829 847 2916 plagii
864 2830 993 2894 literarii
1008 2852 1107 2896 accu-

115 2966 201 3021 sans,
230 2966 267 3008 ac
294 2944 320 3006 si
346 2965 453 3008 omncs
472 2943 638 3007 sententias
660 2943 810 3027 opusculo
836 2943 874 3006 de
893 2944 1035 3008 Romania
1058 2964 1106 3007 re·

82 3040 90 3048 .
114 3057 245 3145 publici
266 3054 598 3154 expressasosumsisset
617 3078 653 3117 ex
667 3078 733 3119 uno
752 3056 802 3118 vel
821 3055 942 3120 duobus
963 3078 1106 3122 uossunrr

116 3169 282 3255 capitibus.
311 3167 403 3255 (citat
431 3190 463 3231 n.
488 3166 582 3232 Ilist.
610 3166 707 3232 [laio.
741 3189 808 3251 cap.
832 3169 877 3245 113
914 3168 967 3230 sed
995 3169 1106 3251 procul

116 3281 214 3346 dubio
235 3278 439 3365 intelligenda
459 3289 531 3341 sunt
546 3278 643 3341 Partis
653 3280 722 3353 111,
742 3299 809 3360 cap.
825 3279 868 3343 Vt
888 3289 919 3340 et
937 3275 1021 3363 VII).
1044 3278 1109 3342 Nec
1184 3358 1188 3361 ι

116 3392 289 3458 dubitando
304 3393 391 3456 locus
408 3411 473 3453 esse
490 3389 628 3467 videtur,
653 3411 754 3476 quum
773 3388 937 3476 utriusque
954 3388 1109 3473 scriptoris

116 3505 261 3597 periodos
287 3505 422 3591 integras
442 3503 606 3570 describat.
648 3504 794 3568 Attamen
816 3526 872 3588 pro
894 3526 946 3567 reo
970 3526 1108 3569 amurm-

117 3640 234 3698 ourvro
256 3618 407 3704 quaedam
428 3616 616 3683 observanda
635 3618 776 3684 arbitror.

86 3771 88 3775 ν
165 3733 305 3796 Primum
321 3730 417 3816 igitur
433 3739 497 3792 toto
514 3730 603 3793 coelo
624 3730 744 3795 diversa
756 3742 828 3794 sunt
841 3729 979 3810 consilia,
992 3727 1108 3812 quibus

97 4016 98 4019 ’
155 4002 192 4069 ll)
209 4002 245 4054 ub
263 4002 342 4052 oculos
359 4001 434 4051 habeo
452 4001 635 4068 disputationem
651 4004 779 4069 quandam,
796 4003 835 4051 eni
854 4001 954 4066 titulun
973 4012 1069 4064 possum
1085 4011 1110 4053 at

122 4107 296 4154 uotrtsourttu,
313 4093 402 4143 subscr.
424 4106 447 4140 tt.
482 4095 606 4146 Invenitur
631 4112 658 4143 ea
679 4097 703 4144 iu
727 4093 832 4144 Gazara
861 4096 891 4145 de
910 4097 1024 4157 Franco,
1047 4101 1065 4146 θ
1085 4107 1109 4144 et

123 4191 140 4235 ll
158 4191 218 4238 llars
236 4188 303 4237 teto
321 4186 431 4250 (Etuder
448 4186 593 4255 littroa'res).
