<?xml version="1.0" encoding="UTF-8"?>
<!DOCTYPE html PUBLIC "-//W3C//DTD XHTML 1.0 Transitional//EN"
    "http://www.w3.org/TR/xhtml1/DTD/xhtml1-transitional.dtd">
<html xmlns="http://www.w3.org/1999/xhtml" xml:lang="en" lang="en">
 <head>
  <title>
</title>
<meta http-equiv="Content-Type" content="text/html;charset=utf-8" />
  <meta name='ocr-system' content='tesseract 3.04.00' />
  <meta name='ocr-capabilities' content='ocr_page ocr_carea ocr_par ocr_line ocrx_word'/>
</head>
<body>
  <div class='ocr_page' id='page_1' title='image "./speciminisinaug00heemgoog_0237.png"; bbox 0 0 2892 5042; ppageno 0'>
   <div class='ocr_carea' id='block_1_1' title="bbox 590 531 628 605">
    <p class='ocr_par' dir='ltr' id='par_1_1' title="bbox 590 531 628 605">
     <span class='ocr_line' id='line_1_1' title="bbox 590 531 628 605; baseline -0.105 0"><span class='ocrx_word' id='word_1_1' title='bbox 590 531 628 605; x_wconf 71' lang='lat' dir='ltr'><strong>‘or</strong></span> 
     </span>
    </p>
   </div>
   <div class='ocr_carea' id='block_1_2' title="bbox 110 709 1187 4278">
    <p class='ocr_par' dir='ltr' id='par_1_2' title="bbox 114 709 1107 920">
     <span class='ocr_line' id='line_1_2' title="bbox 114 709 1107 811; baseline -0.001 -24"><span class='ocrx_word' id='word_1_2' title='bbox 114 724 300 811; x_wconf 81' lang='lat' dir='ltr'><strong>peregrinos</strong></span> <span class='ocrx_word' id='word_1_3' title='bbox 328 747 400 789; x_wconf 83' lang='lat' dir='ltr'><strong>curn</strong></span> <span class='ocrx_word' id='word_1_4' title='bbox 429 709 587 789; x_wconf 85' lang='lat' dir='ltr'><strong>mercibus</strong></span> <span class='ocrx_word' id='word_1_5' title='bbox 610 726 690 801; x_wconf 87' lang='lat' dir='ltr'><strong>suis,</strong></span> <span class='ocrx_word' id='word_1_6' title='bbox 715 736 747 789; x_wconf 85' lang='lat' dir='ltr'><strong>et</strong></span> <span class='ocrx_word' id='word_1_7' title='bbox 767 724 940 790; x_wconf 64' lang='lat' dir='ltr'><strong>curandum</strong></span> <span class='ocrx_word' id='word_1_8' title='bbox 958 746 1042 799; x_wconf 89' lang='lat' dir='ltr'><strong>csse,</strong></span> <span class='ocrx_word' id='word_1_9' title='bbox 1065 746 1107 786; x_wconf 87' lang='lat' dir='ltr'><strong>ue</strong></span> 
     </span>
     <span class='ocr_line' id='line_1_3' title="bbox 114 835 647 920; baseline -0.002 -21"><span class='ocrx_word' id='word_1_10' title='bbox 114 836 245 900; x_wconf 78' lang='lat' dir='ltr'><strong>metullo</strong></span> <span class='ocrx_word' id='word_1_11' title='bbox 259 839 399 920; x_wconf 80' lang='lat' dir='ltr'><strong>pretiosa</strong></span> <span class='ocrx_word' id='word_1_12' title='bbox 421 835 647 901; x_wconf 81' lang='lat' dir='ltr'><strong>eveherentur?</strong></span> 
     </span>
    </p>

    <p class='ocr_par' dir='ltr' id='par_1_3' title="bbox 110 946 1187 2361">
     <span class='ocr_line' id='line_1_4' title="bbox 158 946 1105 1036; baseline -0.004 -23"><span class='ocrx_word' id='word_1_13' title='bbox 158 950 323 1034; x_wconf 76' lang='lat' dir='ltr'><strong>Namque,</strong></span> <span class='ocrx_word' id='word_1_14' title='bbox 354 951 398 1015; x_wconf 90' lang='lat' dir='ltr'><strong>sio</strong></span> <span class='ocrx_word' id='word_1_15' title='bbox 416 949 554 1016; x_wconf 88' lang='lat' dir='ltr'><strong>dicentes</strong></span> <span class='ocrx_word' id='word_1_16' title='bbox 573 950 682 1015; x_wconf 75' lang='lat' dir='ltr'><strong>audio:</strong></span> <span class='ocrx_word' id='word_1_17' title='bbox 706 951 739 1013; x_wconf 86' lang='lat' dir='ltr'><strong>Si</strong></span> <span class='ocrx_word' id='word_1_18' title='bbox 762 951 796 1014; x_wconf 86' lang='lat' dir='ltr'><strong>in</strong></span> <span class='ocrx_word' id='word_1_19' title='bbox 819 946 953 1036; x_wconf 72' lang='lat' dir='ltr'><strong>quidem</strong></span> <span class='ocrx_word' id='word_1_20' title='bbox 977 949 1105 1033; x_wconf 81' lang='lat' dir='ltr'><strong>regione</strong></span> 
     </span>
     <span class='ocr_line' id='line_1_5' title="bbox 113 1059 1104 1150; baseline -0.001 -27"><span class='ocrx_word' id='word_1_21' title='bbox 113 1060 209 1124; x_wconf 88' lang='lat' dir='ltr'><strong>multi</strong></span> <span class='ocrx_word' id='word_1_22' title='bbox 228 1074 401 1128; x_wconf 73' lang='lat' dir='ltr'><strong>mercantes</strong></span> <span class='ocrx_word' id='word_1_23' title='bbox 416 1085 464 1127; x_wconf 85' lang='lat' dir='ltr'><strong>res</strong></span> <span class='ocrx_word' id='word_1_24' title='bbox 480 1085 549 1128; x_wconf 75' lang='lat' dir='ltr'><strong>sues</strong></span> <span class='ocrx_word' id='word_1_25' title='bbox 567 1064 610 1128; x_wconf 75' lang='lat' dir='ltr'><strong>ita</strong></span> <span class='ocrx_word' id='word_1_26' title='bbox 628 1062 764 1150; x_wconf 79' lang='lat' dir='ltr'><strong>egerint,</strong></span> <span class='ocrx_word' id='word_1_27' title='bbox 787 1072 883 1148; x_wconf 82' lang='lat' dir='ltr'><strong>atque</strong></span> <span class='ocrx_word' id='word_1_28' title='bbox 902 1082 978 1126; x_wconf 82' lang='lat' dir='ltr'><strong>cesu</strong></span> <span class='ocrx_word' id='word_1_29' title='bbox 992 1059 1104 1123; x_wconf 84' lang='lat' dir='ltr'><strong>ultimo</strong></span> 
     </span>
     <span class='ocr_line' id='line_1_6' title="bbox 111 1173 1168 1259; baseline 0.001 -25"><span class='ocrx_word' id='word_1_30' title='bbox 111 1183 293 1237; x_wconf 80' lang='lat' dir='ltr'><strong>memorato</strong></span> <span class='ocrx_word' id='word_1_31' title='bbox 321 1173 443 1259; x_wconf 78' lang='lat' dir='ltr'><strong>Cejus,</strong></span> <span class='ocrx_word' id='word_1_32' title='bbox 465 1175 632 1259; x_wconf 75' lang='lat' dir='ltr'><strong>pauperior</strong></span> <span class='ocrx_word' id='word_1_33' title='bbox 650 1175 704 1238; x_wconf 84' lang='lat' dir='ltr'><strong>fiet</strong></span> <span class='ocrx_word' id='word_1_34' title='bbox 725 1197 761 1238; x_wconf 83' lang='lat' dir='ltr'><strong>oe</strong></span> <span class='ocrx_word' id='word_1_35' title='bbox 789 1174 883 1259; x_wconf 84' lang='lat' dir='ltr'><strong>regio.</strong></span> <span class='ocrx_word' id='word_1_36' title='bbox 925 1173 1033 1253; x_wconf 79' lang='lat' dir='ltr'><strong>Quum</strong></span> <span class='ocrx_word' id='word_1_37' title='bbox 1054 1182 1104 1235; x_wconf 80' lang='lat' dir='ltr'><strong>te-</strong></span> <span class='ocrx_word' id='word_1_38' title='bbox 1161 1189 1168 1200; x_wconf 61' lang='lat'>⁸</span> 
     </span>
     <span class='ocr_line' id='line_1_7' title="bbox 112 1283 1105 1373; baseline -0.001 -27"><span class='ocrx_word' id='word_1_39' title='bbox 112 1304 189 1346; x_wconf 83' lang='lat' dir='ltr'><strong>men</strong></span> <span class='ocrx_word' id='word_1_40' title='bbox 207 1283 351 1348; x_wconf 87' lang='lat' dir='ltr'><strong>omnium</strong></span> <span class='ocrx_word' id='word_1_41' title='bbox 371 1287 535 1373; x_wconf 87' lang='lat' dir='ltr'><strong>regionum</strong></span> <span class='ocrx_word' id='word_1_42' title='bbox 553 1286 676 1350; x_wconf 81' lang='lat' dir='ltr'><strong>incolae</strong></span> <span class='ocrx_word' id='word_1_43' title='bbox 694 1285 805 1350; x_wconf 84' lang='lat' dir='ltr'><strong>eodem</strong></span> <span class='ocrx_word' id='word_1_44' title='bbox 823 1283 968 1358; x_wconf 78' lang='lat' dir='ltr'><strong>tendent,</strong></span> <span class='ocrx_word' id='word_1_45' title='bbox 987 1293 1024 1346; x_wconf 85' lang='lat' dir='ltr'><strong>ut</strong></span> <span class='ocrx_word' id='word_1_46' title='bbox 1037 1302 1105 1346; x_wconf 78' lang='lat' dir='ltr'><strong>suos</strong></span> 
     </span>
     <span class='ocr_line' id='line_1_8' title="bbox 111 1396 1105 1482; baseline -0.003 -24"><span class='ocrx_word' id='word_1_47' title='bbox 111 1396 253 1481; x_wconf 76' lang='lat' dir='ltr'><strong>quisque</strong></span> <span class='ocrx_word' id='word_1_48' title='bbox 279 1419 399 1462; x_wconf 82' lang='lat' dir='ltr'><strong>merces</strong></span> <span class='ocrx_word' id='word_1_49' title='bbox 427 1419 501 1462; x_wconf 88' lang='lat' dir='ltr'><strong>cum</strong></span> <span class='ocrx_word' id='word_1_50' title='bbox 522 1398 746 1481; x_wconf 72' lang='lat' dir='ltr'><strong>pretiosissimis</strong></span> <span class='ocrx_word' id='word_1_51' title='bbox 768 1407 967 1482; x_wconf 86' lang='lat' dir='ltr'><strong>permutent,</strong></span> <span class='ocrx_word' id='word_1_52' title='bbox 1000 1404 1105 1459; x_wconf 82' lang='lat' dir='ltr'><strong>nostro</strong></span> 
     </span>
     <span class='ocr_line' id='line_1_9' title="bbox 112 1504 1105 1595; baseline -0.006 -25"><span class='ocrx_word' id='word_1_53' title='bbox 112 1506 308 1572; x_wconf 85' lang='lat' dir='ltr'><strong>detrimento</strong></span> <span class='ocrx_word' id='word_1_54' title='bbox 335 1510 457 1574; x_wconf 83' lang='lat' dir='ltr'><strong>obviem</strong></span> <span class='ocrx_word' id='word_1_55' title='bbox 482 1510 522 1572; x_wconf 88' lang='lat' dir='ltr'><strong>iri</strong></span> <span class='ocrx_word' id='word_1_56' title='bbox 550 1510 674 1595; x_wconf 87' lang='lat' dir='ltr'><strong>nequit,</strong></span> <span class='ocrx_word' id='word_1_57' title='bbox 698 1507 758 1573; x_wconf 85' lang='lat' dir='ltr'><strong>uisi</strong></span> <span class='ocrx_word' id='word_1_58' title='bbox 780 1507 932 1572; x_wconf 77' lang='lat' dir='ltr'><strong>extraneis</strong></span> <span class='ocrx_word' id='word_1_59' title='bbox 951 1504 1105 1570; x_wconf 78' lang='lat' dir='ltr'><strong>adimatur</strong></span> 
     </span>
     <span class='ocr_line' id='line_1_10' title="bbox 113 1615 1103 1709; baseline -0.001 -28"><span class='ocrx_word' id='word_1_60' title='bbox 113 1621 332 1704; x_wconf 78' lang='lat' dir='ltr'><strong>opportunitas</strong></span> <span class='ocrx_word' id='word_1_61' title='bbox 351 1642 398 1685; x_wconf 84' lang='lat' dir='ltr'><strong>res</strong></span> <span class='ocrx_word' id='word_1_62' title='bbox 417 1643 484 1686; x_wconf 82' lang='lat' dir='ltr'><strong>suos</strong></span> <span class='ocrx_word' id='word_1_63' title='bbox 498 1644 556 1709; x_wconf 90' lang='lat' dir='ltr'><strong>pro</strong></span> <span class='ocrx_word' id='word_1_64' title='bbox 573 1621 678 1685; x_wconf 87' lang='lat' dir='ltr'><strong>lubitu</strong></span> <span class='ocrx_word' id='word_1_65' title='bbox 695 1622 729 1683; x_wconf 86' lang='lat' dir='ltr'><strong>in</strong></span> <span class='ocrx_word' id='word_1_66' title='bbox 746 1630 848 1684; x_wconf 82' lang='lat' dir='ltr'><strong>nostro</strong></span> <span class='ocrx_word' id='word_1_67' title='bbox 859 1619 926 1682; x_wconf 81' lang='lat' dir='ltr'><strong>sore</strong></span> <span class='ocrx_word' id='word_1_68' title='bbox 934 1615 1103 1681; x_wconf 78' lang='lat' dir='ltr'><strong>adserendi.</strong></span> 
     </span>
     <span class='ocr_line' id='line_1_11' title="bbox 113 1730 1107 1822; baseline -0.001 -27"><span class='ocrx_word' id='word_1_69' title='bbox 113 1730 198 1819; x_wconf 80' lang='lat' dir='ltr'><strong>Ipse</strong></span> <span class='ocrx_word' id='word_1_70' title='bbox 226 1731 333 1819; x_wconf 76' lang='lat' dir='ltr'><strong>Cujus</strong></span> <span class='ocrx_word' id='word_1_71' title='bbox 363 1743 509 1815; x_wconf 73' lang='lat' dir='ltr'><strong>statuet,</strong></span> <span class='ocrx_word' id='word_1_72' title='bbox 541 1734 627 1822; x_wconf 79' lang='lat' dir='ltr'><strong>quid</strong></span> <span class='ocrx_word' id='word_1_73' title='bbox 644 1734 723 1799; x_wconf 77' lang='lat' dir='ltr'><strong>velit</strong></span> <span class='ocrx_word' id='word_1_74' title='bbox 745 1734 814 1797; x_wconf 84' lang='lat' dir='ltr'><strong>Ioco</strong></span> <span class='ocrx_word' id='word_1_75' title='bbox 835 1754 916 1797; x_wconf 77' lang='lat' dir='ltr'><strong>euos</strong></span> <span class='ocrx_word' id='word_1_76' title='bbox 942 1733 1063 1797; x_wconf 72' lang='lat' dir='ltr'><strong>mrct&#39;t</strong></span> <span class='ocrx_word' id='word_1_77' title='bbox 1083 1754 1107 1794; x_wconf 82' lang='lat' dir='ltr'><strong>o</strong></span> 
     </span>
     <span class='ocr_line' id='line_1_12' title="bbox 110 1842 1106 1935; baseline -0.002 -26"><span class='ocrx_word' id='word_1_78' title='bbox 110 1842 192 1932; x_wconf 76' lang='lat' dir='ltr'><strong>Sejo</strong></span> <span class='ocrx_word' id='word_1_79' title='bbox 222 1850 388 1935; x_wconf 69' lang='lat' dir='ltr'><strong>accepere.</strong></span> <span class='ocrx_word' id='word_1_80' title='bbox 428 1846 495 1935; x_wconf 86' lang='lat' dir='ltr'><strong>(Sin</strong></span> <span class='ocrx_word' id='word_1_81' title='bbox 523 1857 656 1933; x_wconf 88' lang='lat' dir='ltr'><strong>uterquc</strong></span> <span class='ocrx_word' id='word_1_82' title='bbox 686 1844 938 1911; x_wconf 70' lang='lat' dir='ltr'><strong>contrahentium</strong></span> <span class='ocrx_word' id='word_1_83' title='bbox 968 1842 1106 1928; x_wconf 83' lang='lat' dir='ltr'><strong>ejusdem</strong></span> 
     </span>
     <span class='ocr_line' id='line_1_13' title="bbox 112 1954 1187 2043; baseline -0.006 -23"><span class='ocrx_word' id='word_1_84' title='bbox 112 1968 158 2021; x_wconf 88' lang='lat' dir='ltr'><strong>est</strong></span> <span class='ocrx_word' id='word_1_85' title='bbox 180 1958 319 2042; x_wconf 79' lang='lat' dir='ltr'><strong>petrino,</strong></span> <span class='ocrx_word' id='word_1_86' title='bbox 347 1958 422 2043; x_wconf 81' lang='lat' dir='ltr'><strong>reip.</strong></span> <span class='ocrx_word' id='word_1_87' title='bbox 442 1982 507 2023; x_wconf 88' lang='lat' dir='ltr'><strong>non</strong></span> <span class='ocrx_word' id='word_1_88' title='bbox 529 1959 645 2022; x_wconf 82' lang='lat' dir='ltr'><strong>referre</strong></span> <span class='ocrx_word' id='word_1_89' title='bbox 663 1959 771 2041; x_wconf 82' lang='lat' dir='ltr'><strong>ajunt,</strong></span> <span class='ocrx_word' id='word_1_90' title='bbox 794 1967 865 2020; x_wconf 87' lang='lat' dir='ltr'><strong>uter</strong></span> <span class='ocrx_word' id='word_1_91' title='bbox 882 1955 1034 2019; x_wconf 77' lang='lat' dir='ltr'><strong>duonum</strong></span> <span class='ocrx_word' id='word_1_92' title='bbox 1059 1954 1107 2015; x_wconf 86' lang='lat' dir='ltr'><strong>iu·</strong></span> <span class='ocrx_word' id='word_1_93' title='bbox 1179 2023 1187 2030; x_wconf 28' lang='lat'>¹</span> 
     </span>
     <span class='ocr_line' id='line_1_14' title="bbox 111 2068 1106 2155; baseline -0.005 -22"><span class='ocrx_word' id='word_1_94' title='bbox 111 2091 247 2134; x_wconf 86' lang='lat' dir='ltr'><strong>crumre</strong></span> <span class='ocrx_word' id='word_1_95' title='bbox 270 2069 394 2155; x_wconf 73' lang='lat' dir='ltr'><strong>capiet).</strong></span> <span class='ocrx_word' id='word_1_96' title='bbox 438 2071 521 2135; x_wconf 86' lang='lat' dir='ltr'><strong>Hinc</strong></span> <span class='ocrx_word' id='word_1_97' title='bbox 549 2068 790 2153; x_wconf 83' lang='lat' dir='ltr'><strong>prohibitiones,</strong></span> <span class='ocrx_word' id='word_1_98' title='bbox 815 2088 926 2141; x_wconf 81' lang='lat' dir='ltr'><strong>onere,</strong></span> <span class='ocrx_word' id='word_1_99' title='bbox 951 2074 983 2129; x_wconf 90' lang='lat' dir='ltr'><strong>et</strong></span> <span class='ocrx_word' id='word_1_100' title='bbox 1005 2083 1106 2129; x_wconf 39' lang='lat' dir='ltr'><strong>verae</strong></span> 
     </span>
     <span class='ocr_line' id='line_1_15' title="bbox 113 2173 1107 2268; baseline -0.003 -25"><span class='ocrx_word' id='word_1_101' title='bbox 113 2180 214 2245; x_wconf 86' lang='lat' dir='ltr'><strong>tiones</strong></span> <span class='ocrx_word' id='word_1_102' title='bbox 238 2192 449 2246; x_wconf 76' lang='lat' dir='ltr'><strong>mercatorum</strong></span> <span class='ocrx_word' id='word_1_103' title='bbox 465 2179 721 2268; x_wconf 79' lang='lat' dir='ltr'><strong>peregrinorum,</strong></span> <span class='ocrx_word' id='word_1_104' title='bbox 746 2200 828 2265; x_wconf 83' lang='lat' dir='ltr'><strong>quae</strong></span> <span class='ocrx_word' id='word_1_105' title='bbox 846 2200 908 2244; x_wconf 87' lang='lat' dir='ltr'><strong>nec</strong></span> <span class='ocrx_word' id='word_1_106' title='bbox 921 2175 1014 2242; x_wconf 86' lang='lat' dir='ltr'><strong>hodie</strong></span> <span class='ocrx_word' id='word_1_107' title='bbox 1033 2173 1107 2241; x_wconf 88' lang='lat' dir='ltr'><strong>ubi-</strong></span> 
     </span>
     <span class='ocr_line' id='line_1_16' title="bbox 112 2293 375 2361; baseline 0.023 -8"><span class='ocrx_word' id='word_1_108' title='bbox 112 2294 159 2357; x_wconf 83' lang='lat' dir='ltr'><strong>vis</strong></span> <span class='ocrx_word' id='word_1_109' title='bbox 175 2293 350 2358; x_wconf 64' lang='lat' dir='ltr'><strong>cesserunt.</strong></span> <span class='ocrx_word' id='word_1_110' title='bbox 371 2355 375 2361; x_wconf 78' lang='grc'><strong>.</strong></span> 
     </span>
    </p>

    <p class='ocr_par' dir='ltr' id='par_1_4' title="bbox 113 2402 1108 3943">
     <span class='ocr_line' id='line_1_17' title="bbox 158 2402 1106 2491; baseline -0.002 -23"><span class='ocrx_word' id='word_1_111' title='bbox 158 2406 197 2468; x_wconf 89' lang='lat' dir='ltr'><strong>ln</strong></span> <span class='ocrx_word' id='word_1_112' title='bbox 210 2402 364 2490; x_wconf 82' lang='lat' dir='ltr'><strong>eligendo</strong></span> <span class='ocrx_word' id='word_1_113' title='bbox 375 2416 480 2469; x_wconf 82' lang='lat' dir='ltr'><strong>autom</strong></span> <span class='ocrx_word' id='word_1_114' title='bbox 499 2405 613 2469; x_wconf 84' lang='lat' dir='ltr'><strong>mercis</strong></span> <span class='ocrx_word' id='word_1_115' title='bbox 632 2425 763 2490; x_wconf 83' lang='lat' dir='ltr'><strong>genere,</strong></span> <span class='ocrx_word' id='word_1_116' title='bbox 788 2424 885 2489; x_wconf 82' lang='lat' dir='ltr'><strong>quem</strong></span> <span class='ocrx_word' id='word_1_117' title='bbox 904 2403 977 2491; x_wconf 90' lang='lat' dir='ltr'><strong>(nisi</strong></span> <span class='ocrx_word' id='word_1_118' title='bbox 992 2422 1106 2488; x_wconf 79' lang='lat' dir='ltr'><strong>magor</strong></span> 
     </span>
     <span class='ocr_line' id='line_1_18' title="bbox 113 2514 1105 2600; baseline -0.005 -21"><span class='ocrx_word' id='word_1_119' title='bbox 113 2515 194 2598; x_wconf 80' lang='lat' dir='ltr'><strong>elius</strong></span> <span class='ocrx_word' id='word_1_120' title='bbox 214 2515 380 2598; x_wconf 82' lang='lat' dir='ltr'><strong>cujusdam</strong></span> <span class='ocrx_word' id='word_1_121' title='bbox 399 2525 518 2600; x_wconf 72' lang='lat' dir='ltr'><strong>egestas</strong></span> <span class='ocrx_word' id='word_1_122' title='bbox 539 2514 641 2598; x_wconf 82' lang='lat' dir='ltr'><strong>coget)</strong></span> <span class='ocrx_word' id='word_1_123' title='bbox 666 2536 789 2599; x_wconf 88' lang='lat' dir='ltr'><strong>semper</strong></span> <span class='ocrx_word' id='word_1_124' title='bbox 807 2536 864 2598; x_wconf 92' lang='lat' dir='ltr'><strong>pro</strong></span> <span class='ocrx_word' id='word_1_125' title='bbox 885 2514 947 2577; x_wconf 83' lang='lat' dir='ltr'><strong>suis</strong></span> <span class='ocrx_word' id='word_1_126' title='bbox 964 2514 1105 2596; x_wconf 80' lang='lat' dir='ltr'><strong>occipere</strong></span> 
     </span>
     <span class='ocr_line' id='line_1_19' title="bbox 116 2624 1106 2710; baseline 0.003 -23"><span class='ocrx_word' id='word_1_127' title='bbox 116 2627 209 2704; x_wconf 83' lang='lat' dir='ltr'><strong>velit,</strong></span> <span class='ocrx_word' id='word_1_128' title='bbox 238 2628 291 2690; x_wconf 81' lang='lat' dir='ltr'><strong>rix</strong></span> <span class='ocrx_word' id='word_1_129' title='bbox 317 2627 402 2691; x_wconf 79' lang='lat' dir='ltr'><strong>ullus</strong></span> <span class='ocrx_word' id='word_1_130' title='bbox 423 2625 626 2690; x_wconf 80' lang='lat' dir='ltr'><strong>dubitationis</strong></span> <span class='ocrx_word' id='word_1_131' title='bbox 649 2633 737 2689; x_wconf 85' lang='lat' dir='ltr'><strong>locus</strong></span> <span class='ocrx_word' id='word_1_132' title='bbox 767 2626 827 2689; x_wconf 87' lang='lat' dir='ltr'><strong>orit</strong></span> <span class='ocrx_word' id='word_1_133' title='bbox 850 2624 944 2710; x_wconf 78' lang='lat' dir='ltr'><strong>Oojo.</strong></span> <span class='ocrx_word' id='word_1_134' title='bbox 987 2625 1106 2704; x_wconf 83' lang='lat' dir='ltr'><strong>Quidni</strong></span> 
     </span>
     <span class='ocr_line' id='line_1_20' title="bbox 116 2734 1105 2825; baseline -0.004 -23"><span class='ocrx_word' id='word_1_135' title='bbox 116 2738 214 2825; x_wconf 85' lang='lat' dir='ltr'><strong>eliget</strong></span> <span class='ocrx_word' id='word_1_136' title='bbox 230 2739 398 2803; x_wconf 85' lang='lat' dir='ltr'><strong>nummos?</strong></span> <span class='ocrx_word' id='word_1_137' title='bbox 420 2737 472 2802; x_wconf 84' lang='lat' dir='ltr'><strong>vei</strong></span> <span class='ocrx_word' id='word_1_138' title='bbox 490 2738 598 2802; x_wconf 77' lang='lat' dir='ltr'><strong>saltem</strong></span> <span class='ocrx_word' id='word_1_139' title='bbox 610 2737 753 2814; x_wconf 80' lang='lat' dir='ltr'><strong>metelle,</strong></span> <span class='ocrx_word' id='word_1_140' title='bbox 769 2735 854 2801; x_wconf 88' lang='lat' dir='ltr'><strong>unde</strong></span> <span class='ocrx_word' id='word_1_141' title='bbox 867 2734 990 2799; x_wconf 83' lang='lat' dir='ltr'><strong>nummi</strong></span> <span class='ocrx_word' id='word_1_142' title='bbox 1005 2734 1105 2799; x_wconf 79' lang='lat' dir='ltr'><strong>fient?</strong></span> 
     </span>
     <span class='ocr_line' id='line_1_21' title="bbox 114 2847 1105 2936; baseline -0.003 -22"><span class='ocrx_word' id='word_1_143' title='bbox 114 2850 290 2929; x_wconf 76' lang='lat' dir='ltr'><strong>Nimirum,</strong></span> <span class='ocrx_word' id='word_1_144' title='bbox 314 2849 466 2936; x_wconf 77' lang='lat' dir='ltr'><strong>quamdiu</strong></span> <span class='ocrx_word' id='word_1_145' title='bbox 490 2851 626 2935; x_wconf 76' lang='lat' dir='ltr'><strong>peronii</strong></span> <span class='ocrx_word' id='word_1_146' title='bbox 645 2851 694 2915; x_wconf 88' lang='lat' dir='ltr'><strong>usi</strong></span> <span class='ocrx_word' id='word_1_147' title='bbox 716 2861 790 2915; x_wconf 87' lang='lat' dir='ltr'><strong>sunt</strong></span> <span class='ocrx_word' id='word_1_148' title='bbox 810 2847 967 2925; x_wconf 85' lang='lat' dir='ltr'><strong>homines,</strong></span> <span class='ocrx_word' id='word_1_149' title='bbox 989 2858 1027 2912; x_wconf 90' lang='lat' dir='ltr'><strong>ut</strong></span> <span class='ocrx_word' id='word_1_150' title='bbox 1046 2869 1105 2911; x_wconf 83' lang='lat' dir='ltr'><strong>ra-</strong></span> 
     </span>
     <span class='ocr_line' id='line_1_22' title="bbox 115 2963 1104 3051; baseline -0.002 -22"><span class='ocrx_word' id='word_1_151' title='bbox 115 2966 191 3030; x_wconf 78' lang='lat' dir='ltr'><strong>lorir</strong></span> <span class='ocrx_word' id='word_1_152' title='bbox 215 2987 393 3031; x_wconf 72' lang='lat' dir='ltr'><strong>mensuram</strong></span> <span class='ocrx_word' id='word_1_153' title='bbox 410 2966 579 3043; x_wconf 85' lang='lat' dir='ltr'><strong>heberent,</strong></span> <span class='ocrx_word' id='word_1_154' title='bbox 601 2968 628 3030; x_wconf 88' lang='lat' dir='ltr'><strong>is</strong></span> <span class='ocrx_word' id='word_1_155' title='bbox 646 2965 731 3030; x_wconf 77' lang='lat' dir='ltr'><strong>dives</strong></span> <span class='ocrx_word' id='word_1_156' title='bbox 749 2975 949 3051; x_wconf 75' lang='lat' dir='ltr'><strong>nuncupatus</strong></span> <span class='ocrx_word' id='word_1_157' title='bbox 968 2974 1030 3041; x_wconf 89' lang='lat' dir='ltr'><strong>est,</strong></span> <span class='ocrx_word' id='word_1_158' title='bbox 1051 2963 1104 3027; x_wconf 84' lang='lat' dir='ltr'><strong>cui</strong></span> 
     </span>
     <span class='ocr_line' id='line_1_23' title="bbox 115 3074 1105 3143; baseline -0.005 -1"><span class='ocrx_word' id='word_1_159' title='bbox 115 3078 212 3142; x_wconf 86' lang='lat' dir='ltr'><strong>multi</strong></span> <span class='ocrx_word' id='word_1_160' title='bbox 232 3087 333 3142; x_wconf 83' lang='lat' dir='ltr'><strong>essent</strong></span> <span class='ocrx_word' id='word_1_161' title='bbox 353 3078 486 3143; x_wconf 86' lang='lat' dir='ltr'><strong>nummi.</strong></span> <span class='ocrx_word' id='word_1_162' title='bbox 526 3076 563 3141; x_wconf 86' lang='lat' dir='ltr'><strong>ld</strong></span> <span class='ocrx_word' id='word_1_163' title='bbox 583 3079 690 3141; x_wconf 74' lang='lat' dir='ltr'><strong>roveri</strong></span> <span class='ocrx_word' id='word_1_164' title='bbox 708 3077 956 3141; x_wconf 78' lang='lat' dir='ltr'><strong>meroeutilidrrs</strong></span> <span class='ocrx_word' id='word_1_165' title='bbox 975 3074 1105 3140; x_wconf 86' lang='lat' dir='ltr'><strong>concedi</strong></span> 
     </span>
     <span class='ocr_line' id='line_1_24' title="bbox 117 3185 1104 3274; baseline -0.004 -23"><span class='ocrx_word' id='word_1_166' title='bbox 117 3198 256 3274; x_wconf 85' lang='lat' dir='ltr'><strong>oportet,</strong></span> <span class='ocrx_word' id='word_1_167' title='bbox 285 3187 377 3249; x_wconf 90' lang='lat' dir='ltr'><strong>illum</strong></span> <span class='ocrx_word' id='word_1_168' title='bbox 404 3188 460 3271; x_wconf 89' lang='lat' dir='ltr'><strong>qui</strong></span> <span class='ocrx_word' id='word_1_169' title='bbox 487 3188 556 3270; x_wconf 85' lang='lat' dir='ltr'><strong>egri</strong></span> <span class='ocrx_word' id='word_1_170' title='bbox 580 3187 694 3272; x_wconf 83' lang='lat' dir='ltr'><strong>jugere</strong></span> <span class='ocrx_word' id='word_1_171' title='bbox 728 3197 872 3270; x_wconf 84' lang='lat' dir='ltr'><strong>centum,</strong></span> <span class='ocrx_word' id='word_1_172' title='bbox 903 3197 957 3250; x_wconf 85' lang='lat' dir='ltr'><strong>eut</strong></span> <span class='ocrx_word' id='word_1_173' title='bbox 975 3185 1104 3248; x_wconf 84' lang='lat' dir='ltr'><strong>totidem</strong></span> 
     </span>
     <span class='ocr_line' id='line_1_25' title="bbox 117 3296 1105 3383; baseline -0.004 -21"><span class='ocrx_word' id='word_1_174' title='bbox 117 3296 238 3362; x_wconf 87' lang='lat' dir='ltr'><strong>modios</strong></span> <span class='ocrx_word' id='word_1_175' title='bbox 255 3296 542 3374; x_wconf 81' lang='lat' dir='ltr'><strong>frumentiheheot,</strong></span> <span class='ocrx_word' id='word_1_176' title='bbox 560 3319 624 3361; x_wconf 91' lang='lat' dir='ltr'><strong>non</strong></span> <span class='ocrx_word' id='word_1_177' title='bbox 637 3296 903 3383; x_wconf 78' lang='lat' dir='ltr'><strong>quandocumque</strong></span> <span class='ocrx_word' id='word_1_178' title='bbox 912 3297 987 3360; x_wconf 82' lang='lat' dir='ltr'><strong>velit</strong></span> <span class='ocrx_word' id='word_1_179' title='bbox 997 3317 1105 3359; x_wconf 88' lang='lat' dir='ltr'><strong>eorum</strong></span> 
     </span>
     <span class='ocr_line' id='line_1_26' title="bbox 118 3408 1107 3495; baseline 0.001 -22"><span class='ocrx_word' id='word_1_180' title='bbox 118 3431 178 3495; x_wconf 89' lang='lat' dir='ltr'><strong>ope</strong></span> <span class='ocrx_word' id='word_1_181' title='bbox 195 3408 255 3473; x_wconf 90' lang='lat' dir='ltr'><strong>sihi</strong></span> <span class='ocrx_word' id='word_1_182' title='bbox 267 3430 447 3495; x_wconf 80' lang='lat' dir='ltr'><strong>comparere</strong></span> <span class='ocrx_word' id='word_1_183' title='bbox 464 3430 553 3494; x_wconf 87' lang='lat' dir='ltr'><strong>posse</strong></span> <span class='ocrx_word' id='word_1_184' title='bbox 571 3409 628 3474; x_wconf 80' lang='lat' dir='ltr'><strong>alio</strong></span> <span class='ocrx_word' id='word_1_185' title='bbox 647 3410 729 3473; x_wconf 74' lang='lat' dir='ltr'><strong>ritae</strong></span> <span class='ocrx_word' id='word_1_186' title='bbox 748 3411 927 3486; x_wconf 82' lang='lat' dir='ltr'><strong>commoda,</strong></span> <span class='ocrx_word' id='word_1_187' title='bbox 952 3409 1025 3495; x_wconf 82' lang='lat' dir='ltr'><strong>quie</strong></span> <span class='ocrx_word' id='word_1_188' title='bbox 1044 3430 1107 3474; x_wconf 92' lang='lat' dir='ltr'><strong>nou</strong></span> 
     </span>
     <span class='ocr_line' id='line_1_27' title="bbox 118 3521 1108 3613; baseline 0.001 -27"><span class='ocrx_word' id='word_1_189' title='bbox 118 3544 226 3586; x_wconf 89' lang='lat' dir='ltr'><strong>omnes</strong></span> <span class='ocrx_word' id='word_1_190' title='bbox 246 3544 385 3587; x_wconf 88' lang='lat' dir='ltr'><strong>mercem</strong></span> <span class='ocrx_word' id='word_1_191' title='bbox 402 3521 569 3599; x_wconf 82' lang='lat' dir='ltr'><strong>habentos,</strong></span> <span class='ocrx_word' id='word_1_192' title='bbox 594 3524 656 3609; x_wconf 78' lang='lat' dir='ltr'><strong>qui</strong></span> <span class='ocrx_word' id='word_1_193' title='bbox 677 3521 743 3608; x_wconf 81' lang='lat' dir='ltr'><strong>ipse</strong></span> <span class='ocrx_word' id='word_1_194' title='bbox 767 3522 903 3613; x_wconf 83' lang='lat' dir='ltr'><strong>indiget,</strong></span> <span class='ocrx_word' id='word_1_195' title='bbox 937 3544 1006 3594; x_wconf 79' lang='lat' dir='ltr'><strong>eam</strong></span> <span class='ocrx_word' id='word_1_196' title='bbox 1034 3545 1108 3587; x_wconf 89' lang='lat' dir='ltr'><strong>cum</strong></span> 
     </span>
     <span class='ocr_line' id='line_1_28' title="bbox 117 3625 1107 3721; baseline 0.004 -24"><span class='ocrx_word' id='word_1_197' title='bbox 117 3636 202 3721; x_wconf 79' lang='lat' dir='ltr'><strong>egris</strong></span> <span class='ocrx_word' id='word_1_198' title='bbox 228 3635 423 3699; x_wconf 81' lang='lat' dir='ltr'><strong>frumentovc</strong></span> <span class='ocrx_word' id='word_1_199' title='bbox 450 3646 572 3699; x_wconf 84' lang='lat' dir='ltr'><strong>mutare</strong></span> <span class='ocrx_word' id='word_1_200' title='bbox 597 3635 709 3715; x_wconf 81' lang='lat' dir='ltr'><strong>velint3</strong></span> <span class='ocrx_word' id='word_1_201' title='bbox 744 3625 867 3714; x_wconf 79' lang='lat' dir='ltr'><strong>contre,</strong></span> <span class='ocrx_word' id='word_1_202' title='bbox 899 3636 955 3721; x_wconf 88' lang='lat' dir='ltr'><strong>qui</strong></span> <span class='ocrx_word' id='word_1_203' title='bbox 985 3633 1107 3720; x_wconf 80' lang='lat' dir='ltr'><strong>argenti</strong></span> 
     </span>
     <span class='ocr_line' id='line_1_29' title="bbox 119 3733 1107 3831; baseline -0.004 -22"><span class='ocrx_word' id='word_1_204' title='bbox 119 3744 385 3812; x_wconf 67' lang='lat' dir='ltr'><strong>centum-habeat</strong></span> <span class='ocrx_word' id='word_1_205' title='bbox 408 3747 517 3823; x_wconf 77' lang='lat' dir='ltr'><strong>libres,</strong></span> <span class='ocrx_word' id='word_1_206' title='bbox 542 3733 705 3813; x_wconf 82' lang='lat' dir='ltr'><strong>confestim</strong></span> <span class='ocrx_word' id='word_1_207' title='bbox 726 3748 817 3830; x_wconf 87' lang='lat' dir='ltr'><strong>cujus</strong></span> <span class='ocrx_word' id='word_1_208' title='bbox 844 3747 965 3831; x_wconf 87' lang='lat' dir='ltr'><strong>generis</strong></span> <span class='ocrx_word' id='word_1_209' title='bbox 988 3765 1107 3808; x_wconf 86' lang='lat' dir='ltr'><strong>meroes</strong></span> 
     </span>
     <span class='ocr_line' id='line_1_30' title="bbox 120 3859 610 3943; baseline 0.002 -24"><span class='ocrx_word' id='word_1_210' title='bbox 120 3859 208 3933; x_wconf 83' lang='lat' dir='ltr'><strong>velit,</strong></span> <span class='ocrx_word' id='word_1_211' title='bbox 232 3859 290 3921; x_wconf 87' lang='lat' dir='ltr'><strong>sibi</strong></span> <span class='ocrx_word' id='word_1_212' title='bbox 314 3881 492 3942; x_wconf 80' lang='lat' dir='ltr'><strong>comparare</strong></span> <span class='ocrx_word' id='word_1_213' title='bbox 511 3878 610 3943; x_wconf 88' lang='lat' dir='ltr'><strong>posse.</strong></span> 
     </span>
    </p>

    <p class='ocr_par' dir='ltr' id='par_1_5' title="bbox 121 3968 1110 4278">
     <span class='ocr_line' id='line_1_31' title="bbox 165 3968 1106 4055; baseline -0.001 -23"><span class='ocrx_word' id='word_1_214' title='bbox 165 3971 309 4033; x_wconf 82' lang='lat' dir='ltr'><strong>Attamen</strong></span> <span class='ocrx_word' id='word_1_215' title='bbox 330 3992 425 4055; x_wconf 92' lang='lat' dir='ltr'><strong>opum</strong></span> <span class='ocrx_word' id='word_1_216' title='bbox 449 3980 479 4032; x_wconf 85' lang='lat' dir='ltr'><strong>et</strong></span> <span class='ocrx_word' id='word_1_217' title='bbox 500 3979 693 4032; x_wconf 79' lang='lat' dir='ltr'><strong>mercaturae</strong></span> <span class='ocrx_word' id='word_1_218' title='bbox 709 3978 852 4031; x_wconf 82' lang='lat' dir='ltr'><strong>naturum</strong></span> <span class='ocrx_word' id='word_1_219' title='bbox 868 3968 978 4052; x_wconf 53' lang='lat' dir='ltr'><strong>parjdm</strong></span> <span class='ocrx_word' id='word_1_220' title='bbox 999 3968 1106 4055; x_wconf 86' lang='lat' dir='ltr'><strong>cogni-</strong></span> 
     </span>
     <span class='ocr_line' id='line_1_32' title="bbox 121 4072 1107 4163; baseline 0.005 -23"><span class='ocrx_word' id='word_1_221' title='bbox 121 4091 184 4146; x_wconf 80' lang='lat' dir='ltr'><strong>tum</strong></span> <span class='ocrx_word' id='word_1_222' title='bbox 208 4078 352 4145; x_wconf 80' lang='lat' dir='ltr'><strong>habuisse</strong></span> <span class='ocrx_word' id='word_1_223' title='bbox 378 4072 448 4144; x_wconf 85' lang='lat' dir='ltr'><strong>illos</strong></span> <span class='ocrx_word' id='word_1_224' title='bbox 474 4089 609 4163; x_wconf 88' lang='lat' dir='ltr'><strong>oportet,</strong></span> <span class='ocrx_word' id='word_1_225' title='bbox 634 4078 689 4163; x_wconf 90' lang='lat' dir='ltr'><strong>qui</strong></span> <span class='ocrx_word' id='word_1_226' title='bbox 715 4089 837 4142; x_wconf 82' lang='lat' dir='ltr'><strong>tantum</strong></span> <span class='ocrx_word' id='word_1_227' title='bbox 859 4078 942 4144; x_wconf 83' lang='lat' dir='ltr'><strong>inter</strong></span> <span class='ocrx_word' id='word_1_228' title='bbox 963 4102 1107 4148; x_wconf 81' lang='lat' dir='ltr'><strong>nummos</strong></span> 
     </span>
     <span class='ocr_line' id='line_1_33' title="bbox 122 4190 1110 4278; baseline -0.002 -23"><span class='ocrx_word' id='word_1_229' title='bbox 122 4203 153 4255; x_wconf 89' lang='lat' dir='ltr'><strong>ot</strong></span> <span class='ocrx_word' id='word_1_230' title='bbox 170 4192 245 4257; x_wconf 81' lang='lat' dir='ltr'><strong>alias</strong></span> <span class='ocrx_word' id='word_1_231' title='bbox 264 4213 383 4256; x_wconf 85' lang='lat' dir='ltr'><strong>merces</strong></span> <span class='ocrx_word' id='word_1_232' title='bbox 402 4192 502 4255; x_wconf 83' lang='lat' dir='ltr'><strong>inesse</strong></span> <span class='ocrx_word' id='word_1_233' title='bbox 510 4200 656 4275; x_wconf 80' lang='lat' dir='ltr'><strong>putarent</strong></span> <span class='ocrx_word' id='word_1_234' title='bbox 666 4190 843 4268; x_wconf 88' lang='lat' dir='ltr'><strong>discrimen,</strong></span> <span class='ocrx_word' id='word_1_235' title='bbox 862 4201 896 4255; x_wconf 93' lang='lat' dir='ltr'><strong>ut</strong></span> <span class='ocrx_word' id='word_1_236' title='bbox 907 4193 1110 4278; x_wconf 76' lang='lat' dir='ltr'><strong>opinarentur</strong></span> 
     </span>
    </p>
   </div>
   <div class='ocr_carea' id='block_1_3' title="bbox 0 0 1458 5042">
    <p class='ocr_par' dir='ltr' id='par_1_6' title="bbox 0 0 1458 5042">
     <span class='ocr_line' id='line_1_34' title="bbox 0 0 1458 5042; baseline 0 0"><span class='ocrx_word' id='word_1_237' title='bbox 0 0 1458 5042; x_wconf 95' lang='lat' dir='ltr'><strong> </strong></span> 
     </span>
    </p>
   </div>
  </div>
 </body>
</html>
