2892 5042
813 518 854 577 38

345 699 508 765 videbatur
535 696 592 784 (1).
637 695 704 761 llos
731 696 839 760 sellem
863 690 1044 756 aduletioms
1063 688 1138 752 vitio
1157 688 1336 751 immunem

345 811 438 875 ferires
456 828 718 886 normosrnorr
735 804 871 893 gaudeo,
895 805 957 868 sive
977 803 1023 866 rei
1041 823 1134 871 suun
1155 799 1338 886 quaerendo

345 921 435 986 sitin
458 919 629 985 honorifico
645 918 754 984 ordine
775 929 806 982 et
819 938 963 992 munere,
986 915 1049 979 sive
1066 915 1099 977 in
1119 912 1258 1000 iugenud
1274 910 1339 973 viri

345 1035 467 1112 indole,
491 1034 546 1098 seu
565 1033 718 1119 denique,
742 1030 827 1118 quod
847 1051 896 1095 res
914 1026 1070 1095 familiaris
1087 1026 1170 1090 bone
1190 1046 1222 1089 se
1233 1023 1338 1088 hebe-

346 1158 409 1228 ret3
424 1124 560 1212 famelici
574 1147 658 1211 enim
676 1146 863 1232 plerumque
875 1155 962 1208 crunt
972 1149 1081 1227 poetae
1090 1138 1141 1203 isti
1150 1137 1335 1203 adulatores.

391 1259 495 1346 Qiqrds
514 1270 620 1324 eutem
639 1258 771 1323 miretur
797 1255 1049 1343 philosophorum
1070 1273 1185 1318 nomen
1205 1249 1263 1313 sihi
1281 1271 1337 1314 ar·

347 1391 469 1458 rogasse
490 1394 558 1449 eos,
578 1392 713 1457 quorum
734 1368 812 1435 ratio
831 1367 944 1455 agendi
964 1389 1037 1432 cum
1057 1364 1204 1432 doctrinis
1225 1363 1337 1449 perhm

346 1483 424 1548 edeo
445 1484 652 1572 congruebat,
676 1481 848 1549 notandum
869 1491 914 1546 est
929 1479 988 1544 hdo
1005 1481 1039 1543 in
1056 1500 1090 1542 re
1100 1478 1218 1564 hnglos
1234 1496 1337 1540 exem·

346 1596 435 1681 plum
471 1596 607 1675 dedisse,
640 1618 719 1682 quos
748 1596 862 1660 imitari
891 1614 1013 1658 summo
1042 1590 1143 1657 studio
1172 1589 1338 1654 emtehsn-

346 1718 400 1770 tru
426 1708 547 1772 Franci.
612 1709 650 1770 In
685 1706 798 1792 Angtis
831 1706 914 1769 enim
947 1704 1105 1769 liberiores
1139 1714 1169 1766 et
1196 1702 1339 1787 puriores

347 1817 516 1881 sententiae
547 1816 587 1881 de
618 1816 788 1901 disciplinis
819 1813 989 1881 moralibus
1022 1826 1053 1880 et
1081 1815 1229 1900 politicis,
1263 1836 1341 1900 quos

348 1950 455 1993 secum
483 1928 601 1994 terebat
622 1928 794 1994 boehm
816 1926 1023 2014 philosophia,
1046 1949 1065 1993 e
1086 1944 1338 2002 rumesperc,

348 2062 513 2119 romnus,
545 2061 803 2116 nonrscssoxro,
833 2042 900 2105 eliis
922 2041 1088 2124 explicata,
1111 2040 1174 2102 imo
1199 2048 1341 2104 contorta

336 2153 469 2237 ‘enepius
497 2153 532 2216 in
561 2152 739 2238 roligionis,
768 2153 986 2237 bonommque
1014 2172 1139 2216 morum
1168 2150 1341 2214 detrimen-

349 2275 435 2340 tum,
459 2285 522 2327 non
545 2286 563 2329 a
585 2265 683 2350 vulgo
703 2264 757 2327 sed
779 2265 819 2328 ob
840 2264 1098 2341 honestioribus,
1122 2265 1178 2349 qui
1200 2262 1341 2328 diceren-

350 2386 404 2439 tur
429 2373 473 2463 (sd
493 2387 554 2452 est,
578 2375 784 2460 locupletibus
806 2386 837 2440 ct
858 2375 1066 2464 potentibus),
1088 2378 1191 2443 furore
1205 2377 1343 2460 excipie-

350 2487 476 2553 bantur.
521 2488 582 2565 lte,
606 2488 747 2575 quonuh
769 2488 861 2554 ctiam
885 2490 925 2553 ob
947 2491 1007 2554 illis
1029 2490 1230 2575 scriptoribus
1243 2490 1342 2555 muln

350 2610 453 2666 reone
485 2599 596 2664 rationi
624 2622 764 2687 congruo
786 2600 990 2681 docerentur,
1013 2603 1156 2668 universe
1176 2604 1341 2668 salutarem

352 2714 497 2779 effectum
527 2714 628 2778 sortiri
650 2716 698 2777 vix
728 2725 880 2798 poterant.
926 2716 1038 2778 Gontrh
1060 2736 1203 2798 proceres
1224 2712 1283 2776 viri
1304 2732 1341 2776 ex

350 2826 388 2886 iis
410 2824 586 2899 discebant,
610 2846 642 2887 se
663 2844 728 2888 nou
750 2825 850 2886 soldm
869 2824 977 2887 ordino
996 2836 1026 2888 ct
1040 2825 1166 2903 divitiis,
1179 2826 1233 2890 sod
1246 2844 1341 2910 quom

351 2936 490 3021 primdm
513 2934 642 3011 vellent,
667 2934 794 3021 ingenio
813 2935 904 2998 etiem
925 2938 1114 3020 praecellere
1135 2936 1263 3022 reliquis
1281 2936 1342 3001 ho-

354 3047 507 3122 minihus,
533 3045 609 3108 dum
631 3044 714 3109 facili
736 3046 862 3132 levique
877 3046 1036 3115 doctrinae
1048 3051 1269 3116 auscultarent.
1305 3049 1342 3112 ld

355 3181 419 3225 non
438 3159 528 3235 vidit,
552 3168 606 3222 uut
623 3156 727 3221 videre
740 3158 841 3222 uoluit
856 3180 1047 3240 voursnms,
1063 3183 1163 3247 quum
1181 3162 1342 3250 epistotae

390 3446 427 3512 (1)
444 3445 585 3508 Sousossru,
601 3443 622 3491 i.
640 3444 671 3494 lc.
688 3456 712 3494 et
729 3463 783 3513 pag.
802 3449 862 3512 ⁴⁸⁰3
881 3449 914 3496 11.
931 3463 986 3512 pag.
997 3416 1063 3494 ι177,
1088 3428 1166 3508 ‘Apud
1180 3458 1341 3496 nruscnrss-

356 3551 418 3600 nure,
436 3534 494 3583 licet
510 3544 563 3599 post
579 3552 659 3584 rerum
675 3541 848 3588 couversionem
867 3535 1026 3585 memorabilis
1043 3536 1107 3582 vitae
1123 3549 1179 3581 suec
1197 3533 1308 3600 ediderit,
1319 3548 1343 3587 et

356 3630 383 3675 in
406 3627 466 3673 vitiu
490 3624 622 3691 aequalium
645 3627 787 3690 invehatur,
810 3628 858 3677 loci
875 3628 1028 3675 inveniuntur
1045 3624 1176 3689 complures
1193 3624 1222 3674 de
1239 3632 1343 3693 proceri·

347 3716 415 3781 hus,
439 3715 516 3783 qualis
536 3726 572 3765 est
597 3716 742 3778 uberim,
769 3715 789 3766 1.
814 3731 868 3781 ρας.
892 3717 953 3780 40ος
978 3716 1026 3763 »he
1044 3715 1087 3763 hol
1105 3717 1165 3765 tuit
1182 3721 1196 3765 i
1212 3734 1253 3767 sou
1270 3700 1359 3769 leves*

357 3810 457 3860 Jomae's
466 3811 498 3876 je
515 3826 545 3857 ne
564 3812 587 3857 le
604 3812 644 3857 vis
661 3812 687 3857 si
704 3809 774 3857 bees.
810 3806 831 3855 Il
850 3816 917 3869 recnt
935 3823 989 3855 mon
1004 3806 1125 3872 hommage
1143 3824 1198 3858 avec
1215 3827 1247 3859 un
1259 3812 1341 3876 regerd

359 3904 518 3952 mechonterer.
555 3898 656 3948 J'enrais
673 3901 710 3945 ete
728 3915 760 3946 eu
774 3896 865 3947 combis
881 3897 910 3946 de
924 3898 948 3947 ln
959 3900 1020 3962 joie,
1032 3897 1072 3949 s‘il
1082 3898 1177 3950 m'ereit
1187 3878 1276 3951 adress&
1288 3905 1343 3951 trois

357 3992 462 4057 perdes,
485 3994 543 4041 meis
559 4006 595 4039 ses
611 4007 676 4059 yenx
699 3988 819 4053 puderent
842 4006 901 4056 pour
918 3989 981 4040 lui.'’
1016 3993 1096 4057 Idem,
1115 4012 1171 4061 pag.
1190 3997 1238 4044 173
1257 3998 1301 4061 eit,
1318 4013 1341 4045 se

359 4081 502 4147 tregoediem
519 4081 639 4149 quondam
656 4081 794 4132 monotes
816 4085 900 4134 Saroni
913 4087 1069 4151 praelegisse,
1088 4086 1192 4150 &ndens
1209 4086 1273 4154 quod
1288 4086 1341 4137 doc·

354 4184 398 4222 tus
415 4174 456 4222 ille
474 4176 569 4223 criticus
586 4173 647 4224 nihil
665 4174 851 4239 reprehenderit.
