2892 5042
823 518 866 583 64

347 712 447 793 huam
470 704 668 791 perhibetur,
700 722 787 767 suam
818 701 933 788 regulis
966 718 1028 763 non
1054 698 1131 761 adeo
1159 694 1347 759 adstrictam

353 818 504 882 rationem
522 815 753 883 demonstrandi
766 812 924 890 adhibuit,
947 832 1051 897 neque
1066 800 1093 875 e.
1108 832 1138 896 g.
1152 808 1187 871 in
1204 806 1347 892 politie'u

351 939 383 992 et
398 928 540 1012 juridicis
563 927 710 991 methodo
733 925 791 991 W
787 926 926 1015 olffiomt
946 945 1022 987 usus
1047 934 1101 986 est.
1138 920 1227 983 Hanc
1244 918 1347 1004 potis-

351 1039 465 1104 simum
495 1040 572 1115 cito,
605 1040 679 1124 quia
705 1059 810 1102 sersus
843 1036 983 1101 medium
1013 1037 1202 1100 saeo.'18⁰¹¹¹
1227 1032 1350 1117 magni

351 1153 435 1239 apud
453 1153 587 1217 eruditas
608 1151 700 1217 laude
715 1150 882 1216 frueretur.
912 1148 1084 1234 Composita
1102 1168 1137 1211 ea
1160 1146 1256 1231 plane
1278 1153 1349 1207 erat

350 1265 391 1329 ad
409 1286 551 1329 memora
579 1262 789 1329 mathematici
809 1263 977 1338 rationem,
1010 1270 1046 1323 ut
1075 1257 1282 1322 axiomatibus
1313 1265 1348 1319 et

355 1375 586 1440 delinitionibus
601 1384 824 1460 superstrueret
840 1372 1017 1449 corollaria,
1040 1369 1157 1436 scholia
1174 1380 1205 1434 et
1227 1390 1346 1455 propo-

351 1489 474 1554 sitiones
497 1487 751 1555 demonstrandas
778 1509 836 1573 ope
856 1486 1105 1573 syllogismorum
1125 1479 1186 1570 (1).
1218 1483 1345 1550 Verum

352 1601 426 1666 talia
442 1603 568 1686 vestigia
582 1602 750 1687 quominus
770 1610 926 1685 premeret
944 1610 1211 1674 uosmoorvms,
1235 1595 1346 1679 impe-

353 1711 458 1775 diebat
489 1714 579 1787 edm,
604 1712 690 1796 quod
704 1711 762 1773 sibi
785 1709 941 1793 sperabat,
967 1730 1064 1794 genus
1083 1710 1252 1782 lectorum,
1272 1708 1345 1770 tdm

351 1820 447 1906 ipsius
473 1822 699 1907 perspicacitas.
722 1856 764 1867 -
798 1820 923 1905 Quippe
947 1819 1046 1904 probe
1070 1818 1196 1883 videbat
1220 1816 1346 1881 nudam

353 1934 536 1999 methodum
570 1935 720 2020 majorem
748 1931 967 1997 certitudinem
994 1930 1131 2016 cuipiam
1160 1928 1346 2014 disciplinae

356 2049 512 2122 tribuere,
537 2068 632 2132 quam
655 2048 722 2130 ejus
745 2045 922 2128 subjectum
950 2065 1056 2108 secum
1076 2043 1163 2107 serat.
1206 2044 1347 2107 Erronffl

355 2177 500 2244 quoque,
523 2168 560 2220 ut
576 2157 676 2220 obiter
693 2154 755 2220 hoo
777 2154 906 2232 addam,
929 2176 1063 2219 wourrn
1082 2165 1148 2219 erat
1160 2153 1344 2233 methodum

353 2268 491 2355 primdm
513 2268 597 2332 enim
619 2269 652 2331 in
670 2268 803 2353 politicis
822 2279 854 2330 et
876 2267 1121 2353 jurisprudentia
1140 2268 1190 2330 vix
1215 2268 1347 2331 inveni-

353 2391 450 2445 untur
472 2379 572 2444 theses
595 2379 677 2457 illae,
700 2379 814 2464 quihus
835 2379 1048 2465 unusquisque
1067 2376 1189 2467 absquae
1211 2380 1345 2444 denton-

326 2537 329 2541 ,
354 2496 517 2558 stratiotes
536 2491 741 2569 adsentiatur,
776 2513 853 2577 quas
879 2489 1091 2555 mathematici
1110 2492 1261 2556 axiomata
1283 2488 1345 2556 ro'-

354 2618 441 2687 esnt3
467 2618 498 2671 et
517 2629 627 2693 porro,
651 2607 737 2693 quod
756 2606 961 2692 praecipuum
981 2606 1047 2689 ejus
1068 2600 1208 2669 methodi
1229 2605 1344 2668 vitium

355 2733 435 2799 erut,
468 2744 574 2785 rerum
601 2721 795 2785 definitiones
826 2730 903 2804 quot
929 2719 1042 2783 dautur
1066 2720 1254 2796 contrariae,
1277 2719 1344 2782 imo

354 2841 429 2914 quot
449 2830 575 2892 diversis
593 2831 692 2892 modis
713 2829 938 2905 enuncientur,
963 2840 1008 2892 tot
1025 2828 1071 2893 rei
1088 2830 1229 2894 notiones
1249 2829 1343 2893 ellor-

353 2941 485 3006 mshuut
502 2951 532 3003 et
552 2941 789 3026 consequentiae
805 2939 907 3005 uariae
925 2940 999 3006 hino
1023 2941 1135 3006 ductae
1156 2938 1343 3028 totnm'sys·

351 3063 434 3118 tama
454 3050 623 3119 obverterat.
665 3054 849 3118 Geometras
874 3064 997 3131 contra,
1022 3076 1122 3140 quum
1143 3053 1339 3118 definiendas
1415 3142 1416 3159 χ

352 3164 410 3229 sihi
425 3176 599 3250 proponant
619 3164 682 3244 res,
706 3187 782 3252 quas
804 3186 911 3229 omnes
931 3165 1181 3231 eddem'ratione
1197 3166 1256 3229 sibi
1273 3165 1342 3228 fin·

354 3291 444 3367 gant,
480 3280 599 3345 etiamsi
627 3280 667 3345 de
692 3280 786 3348 modo
808 3279 976 3345 deliniendi
1006 3280 1203 3358 dissentiant,
1231 3279 1343 3344 eadem

353 3392 399 3456 rei
417 3393 523 3476 imago
542 3393 592 3454 vel
608 3393 694 3454 notio
714 3392 835 3455 cunctis
855 3392 914 3455 erit
937 3391 996 3478 (2).
1032 3394 1120 3458 Hanc
1136 3393 1243 3478 itaque
1258 3393 1342 3458 viam
1415 3378 1416 3401 ³

386 3645 423 3713 (1)
441 3643 576 3694 lethodum
588 3660 637 3694 eam
649 3647 675 3694 ia
686 3646 794 3697 omuibus
811 3650 904 3714 scriptis
920 3660 1052 3697 eustanum
1069 3663 1099 3697 ns
1116 3662 1198 3699 ποιεῖ
1215 3652 1337 3717 iuvenias3

352 3742 402 3806 ipsa
412 3754 528 3807 quaenam
545 3741 577 3787 sit
594 3748 620 3787 ct
634 3739 751 3806 monada
767 3739 797 3788 sd
812 3739 1023 3806 jurisprudentism
1033 3741 1173 3808 applicanda
1183 3759 1207 3791 v.
1221 3743 1246 3792 iu
1260 3742 1338 3808 ejusd:

353 3835 454 3883 dissert.
472 3833 501 3881 do
516 3832 664 3899 jurispmd.
682 3832 792 3882 scienter
802 3831 1000 3901 pertractandi,
1018 3832 1077 3883 diss.
1096 3836 1122 3899 l,
1142 3833 1186 3900 §1
1206 3845 1232 3884 st
1248 3838 1274 3885 2.
1301 3835 1339 3895 ct,

233 3942 245 3952 ·
352 3937 470 3989 amnas,
489 3924 516 3990 1,
546 3941 603 3991 pag.
620 3925 671 3973 263
695 3941 749 3992 sqq.
790 3926 817 3973 F.
836 3937 884 3972 rou
900 3936 1009 3987 namra,
1037 3929 1062 3974 at.
1088 3927 1113 3976 d.
1136 3928 1339 3993 geschichtlich

353 4014 555 4082 Entwiclrslasng
570 4035 596 4067 a.
612 4019 704 4081 Recht,
720 4021 796 4068 Stant
814 4034 841 4072 u.
860 4018 958 4067 Poterit
976 4016 1064 4084 (leipz.
1080 4018 1158 4084 1832)
1175 4035 1230 4085 pag.
1245 4021 1338 4087 ⁶8sqq.

387 4106 424 4172 (2)
442 4107 478 4154 lta
496 4106 549 4154 aliis
565 4111 687 4173 capulum
703 4109 872 4159 delinientibus
891 4108 1073 4159 declinationem
1095 4109 1172 4160 lineae
1193 4114 1219 4160 in
1240 4111 1338 4160 alteram

351 4197 453 4262 lineam,
479 4213 550 4264 quam
571 4209 648 4262 secat,
673 4198 729 4248 aliis
749 4202 852 4265 spatium
871 4199 1051 4251 determinatum
1071 4200 1164 4252 duabus
1181 4202 1251 4252 lineis
1276 4218 1336 4270 quaa
