2892 5042
591 500 650 561 137

125 683 243 748 diversa
277 684 412 748 maxime
441 685 536 761 ratio,
571 683 634 768 qud
674 694 782 769 gentes
820 687 936 769 pariter
969 674 1123 750 incultas¹

64 826 70 837 ·
124 797 255 861 feminas
296 794 412 859 habere
449 796 580 872 solent,
610 805 640 859 et
678 796 811 860 inclusio
850 819 888 862 ac
936 808 1111 862 contemtus

125 906 331 984 feminarum,
359 907 479 991 apud
495 907 683 972 cultissimus
722 908 867 991 populos,
910 908 1112 973 Athenienses

124 1041 154 1083 r.
178 1041 207 1084 c.
239 1020 347 1097 obvia,
376 1029 501 1096 vetant,
526 1019 692 1104 quominus
715 1018 791 1083 huic
816 1019 987 1091 sententiae
1017 1043 1112 1087 acce·

124 1128 263 1216 damus(
285 1128 310 1214 ).

168 1241 302 1304 Multum
339 1251 424 1304 certe
457 1241 492 1302 in
527 1241 716 1304 feminarum
762 1241 974 1306 conditionem
1019 1242 1113 1306 efficit

123 1353 241 1429 rietus,
274 1353 325 1416 cui
350 1360 476 1435 operam
496 1362 608 1417 navant
631 1373 747 1430 mares,
776 1373 874 1437 quum
899 1353 1007 1437 populi
1032 1375 1060 1419 e.
1081 1376 1112 1439 g.

123 1474 262 1547 pastores
282 1474 337 1527 aut
361 1462 508 1526 nomades
529 1462 628 1547 pluris
652 1463 755 1526 lacere
775 1465 894 1527 soleant
920 1486 1028 1527 sexum
1049 1464 1110 1528 de-

126 1574 289 1650 biliorem,
324 1595 419 1659 quam
458 1575 629 1637 venatrices
659 1585 767 1660 gentes
809 1585 840 1638 et
868 1574 1030 1642 ruricolae.
1068 1578 1114 1640 De

123 1689 281 1752 bellicosis
308 1688 446 1751 moribus
473 1690 586 1772 panim
609 1688 751 1751 universe
776 1689 867 1752 statui
895 1700 1010 1774 potest,
1040 1712 1114 1754 nam

125 1811 197 1864 sunt
219 1801 357 1864 nationes
379 1800 487 1878 rudes,
510 1800 593 1863 bello
620 1801 774 1878 valentes,
809 1823 891 1886 quae
914 1801 985 1865 ideo
1006 1803 1115 1867 debili·

125 1934 194 1976 ores
222 1914 353 1975 feminas
375 1923 594 1990 contemnant,
621 1913 783 1996 complura
798 1915 872 1974 verb
894 1914 986 1977 etiam
1004 1913 1116 1976 adsunt

128 2024 271 2108 exempla
289 2023 475 2099 mulierum,
500 2044 582 2107 quae
599 2022 670 2086 viris
684 2022 719 2086 in
734 2022 858 2108 praeliis
878 2045 970 2108 opem
987 2024 1115 2099 ferrent,

79 2174 87 2184 κ
126 2137 174 2199 uti
189 2135 230 2198 de
251 2134 372 2219 Scythis
391 2145 421 2197 et
440 2134 571 2198 Cimbris
588 2134 729 2200 traditur.
761 2137 861 2199 Hasce
878 2128 984 2200 autem
1007 2155 1117 2220 quaes·

125 2248 227 2311 tiones
256 2247 395 2332 integras
426 2247 553 2332 reliquit
570 2248 607 2311 A.
631 2248 680 2324 Ν.,
714 2247 833 2332 quippe
855 2248 910 2332 qui
933 2268 1031 2310 unam
1050 2257 1117 2311 tan·

127 2362 197 2424 trlm
216 2358 448 2443 disceptandam
468 2359 527 2422 sibi
549 2370 700 2434 sumeret,
725 2381 783 2423 cur
809 2360 867 2422 sub
887 2359 1008 2423 fervido
1032 2359 1119 2425 coelo

125 2472 309 2559 polygamia
348 2473 490 2534 omnium
524 2473 714 2554 populorum
740 2471 881 2533 moribus
905 2470 1065 2535 inhaereat
1089 2482 1120 2534 et
1213 2468 1215 2475 ’

127 2583 330 2649 secludantur
351 2582 499 2646 feminae.

173 2697 303 2761 Causam
334 2693 449 2770 adfert,
483 2713 563 2777 quae
590 2691 823 2776 proculdubio
853 2691 931 2756 atris
961 2691 1121 2775 temperiei

128 2808 225 2871 unice
245 2806 408 2870 tribuenda
437 2817 497 2884 cst,
526 2806 592 2871 scil.
615 2826 799 2891 praecocem
819 2805 1034 2889 pubertatem,
1058 2806 1122 2892 qul

130 2918 269 2995 eveniat,
301 2930 338 2981 ut
367 2920 464 2983 amori
490 2930 521 2982 et
550 2919 759 2984 aestuantibus
789 2919 963 2984 adfectibus
993 2919 1122 2983 idoneae

131 3032 210 3097 fiant
239 3030 379 3112 puellae,
408 3041 578 3113 antequam
611 3031 695 3092 recta
723 3032 843 3093 ratione
865 3043 1008 3094 utantur:
1038 3031 1122 3095 unde
1205 3078 1211 3103 ;

129 3163 235 3205 mares
263 3160 369 3203 earum
389 3159 528 3202 amorem
550 3137 811 3221 floccipendunt
831 3161 867 3202 ac
887 3140 1036 3203 continuit
1052 3160 1123 3203 mu·

131 3241 201 3320 tare
221 3248 352 3339 cupiunt
371 3248 486 3315 uxores
499 3273 577 3314 suas.
609 3252 728 3313 hrvitus
748 3250 825 3313 adeo
844 3252 969 3327 fatetur,
987 3250 1123 3315 Orientis

131 3388 235 3430 mores
254 3364 314 3428 hale
336 3362 369 3426 in
391 3386 423 3427 rc
444 3363 579 3426 colorem
597 3362 678 3448 pati,
711 3362 925 3426 obturbaret
943 3363 1123 3450 profligatos

131 3500 237 3544 mores
266 3477 437 3540 mulierum
461 3476 495 3538 in
524 3475 592 3539 aliis
621 3474 809 3559 quibusdam
837 3476 913 3542 locis
934 3477 1042 3542 eodem
1063 3478 1122 3543 cli-

116 3601 219 3681 mate
238 3590 294 3654 nbi
312 3589 472 3652 liberiores
493 3598 582 3665 sunt,
606 3610 633 3651 c.
649 3611 679 3673 g.
703 3589 738 3652 in
756 3588 973 3654 Lusitanorum
994 3589 1123 3656 coloniis

17 3742 42 3796 3
132 3705 285 3770 Asiaticis.
319 3702 456 3780 Invitus,
472 3704 602 3788 inquam
609 3727 617 3782 3
639 3703 833 3789 polygamiae
858 3704 942 3766 enim
965 3702 1124 3784 pernicio-

134 3840 202 3883 sam
220 3820 285 3880 vim
303 3818 337 3880 in
360 3816 551 3901 populorum
570 3814 780 3878 conditionem
801 3810 1054 3899 indignabundus
1075 3833 1127 3875 ref

136 3941 258 4009 censet;
277 3940 307 3992 et
330 3930 504 4015 gratulatur
522 3929 663 4013 Europae
685 3925 829 4012 gentibus
849 3924 1019 4011 plerisque,
1040 3922 1124 4011 quod
1163 3926 1168 3933 ⁴

173 4187 212 4253 (1)
232 4189 260 4238 V.
277 4198 381 4251 ussum,
400 4188 486 4249 Idaeo,
506 4188 590 4249 v.11,
610 4188 635 4237 l..
647 4186 715 4252 vm,
735 4203 754 4235 c.
767 4188 793 4238 4.
