2892 5042
809 527 852 586 ³8

383 712 462 774 sum
489 710 696 792 expositurus,
731 707 845 792 quibus
870 707 991 772 casibus
1018 704 1141 792 (silente
1161 705 1243 787 juris
1263 704 1317 768 ori-
1362 744 1367 756 ·

335 820 447 910 ginarii
486 819 641 904 doctrini)
673 841 730 907 pro
751 817 856 884 lubitu
886 818 980 902 possit
1011 818 1168 903 imperans
1200 816 1322 903 quidvis

336 934 410 1022 lege
428 933 556 1019 politici
574 933 627 999 rel
648 931 734 997 civili
760 941 910 1007 statuere,
935 929 1130 1015 quaestiones
1153 929 1323 1015 singulares

339 1046 522 1136 aggreditur
546 1054 577 1109 et
598 1044 752 1130 explorat,
782 1043 822 1109 de
855 1040 1049 1108 successione
1079 1041 1273 1126 privatorum
1292 1053 1324 1107 et

339 1160 538 1245 principum,
563 1155 603 1221 de
614 1156 818 1222 matrimoniis
839 1153 1000 1243 prohibitis
1013 1154 1061 1242 (1)
1085 1165 1147 1220 eto.
1182 1154 1259 1220 bein
1281 1153 1325 1220 ad

339 1273 401 1338 alia
421 1271 611 1338 convertitur
632 1272 739 1337 oratio.

380 1386 429 1450 lta
445 1394 555 1469 sponte
573 1383 713 1468 ejusdem
733 1366 818 1447 iilius
842 1381 917 1446 libri
935 1380 1030 1448 lectio
1049 1383 1085 1445 eb
1103 1390 1155 1444 me
1175 1380 1274 1457 duxit,
1291 1391 1325 1444 ut

340 1497 535 1563 observarem
554 1498 718 1583 proprium
738 1516 813 1560 eum
831 1513 1059 1570 uorrrsourrrr
1077 1513 1214 1569 morem,
1232 1512 1326 1577 quern

340 1610 430 1674 tertio
460 1609 528 1673 loco
555 1631 708 1693 exponere
736 1608 954 1684 decreveram,
989 1615 1024 1678 ut
1060 1606 1118 1669 rite
1139 1604 1328 1689 dijudicetur

340 1743 412 1784 vera
433 1722 499 1802 ejus
516 1719 681 1800 methodus
702 1732 734 1783 et
753 1722 832 1786 ratio
853 1720 953 1803 operis
972 1717 1138 1783 scribendi
1227 1721 1232 1732 '

808 1893 863 1958 ΙΙΙ.

387 2061 496 2142 Spretis
518 2059 603 2122 enim
626 2056 779 2122 sententii
802 2055 1004 2131 criticorum,
1038 2065 1236 2140 quos‘snpra
1264 2076 1329 2119 me-

343 2172 476 2247 moravi,
501 2168 700 2234 statuendum
726 2167 865 2246 ridetur,
896 2167 1130 2234 secundarium
1158 2168 1254 2234 mode
1280 2169 1359 2251 los
1438 2171 1439 2176 ’

344 2303 416 2346 cum
443 2283 480 2343 in
501 2279 663 2346 Auctoris
684 2280 837 2342 consiliis
858 2279 1035 2344 obtinuisse
1051 2280 1181 2368 placeto
1201 2283 1331 2345 um'oer-
1438 2303 1439 2324 ³

221 2399 229 2409 “
254 2397 257 2406 ’
345 2392 446 2458 salso.
476 2392 534 2455 Sin
555 2391 733 2477 quaeritur,
758 2391 835 2477 quid
854 2391 950 2478 igitur
971 2392 1069 2477 priori
1087 2403 1231 2477 respectu
1249 2389 1332 2477 apud

345 2506 450 2591 ipsum
471 2503 607 2582 venerit,
632 2505 884 2591 respondendum
907 2504 1054 2572 arbitror:
1079 2506 1235 2572 »Sunioris
1253 2506 1333 2590 poli-

344 2619 421 2682 tices
446 2618 591 2706 regulae,
623 2639 702 2705 quas
731 2620 873 2705 Europae
901 2618 1148 2705 gubernantibus
1174 2618 1335 2684 inculcare

346 2733 524 2797 voluisset.”
549 2733 634 2796 Haec
653 2732 804 2798 sententia
824 2735 887 2818 qub
907 2733 1007 2818 magis
1026 2732 1173 2818 congruit
1196 2754 1271 2796 cnm
1286 2731 1334 2809 iis,

346 2848 461 2928 quae§
481 2863 585 2925 praec.
603 2843 723 2926 protuli
743 2843 780 2906 de
799 2844 957 2927 proposito
974 2843 1085 2928 operis,
1109 2847 1146 2908 eb
1164 2844 1264 2930 pluris
1282 2846 1336 2908 iu-

346 2961 457 3027 tersst,
482 2962 516 3015 ut
534 2965 692 3036 appareat,
713 2954 756 3018 ita
774 2976 807 3018 se
825 2976 892 3018 rem
912 2954 1037 3040 babere.

392 3064 533 3130 Primum
551 3065 657 3151 igitur,
678 3067 893 3151 compluribus
903 3068 979 3136 locis
997 3089 1249 3147 uonrnsonrrros
1262 3070 1336 3133 nui-

347 3183 410 3247 lam
441 3180 568 3248 omnino
596 3183 739 3270 regulam
763 3183 803 3248 de
833 3207 947 3271 genere
979 3185 1163 3269 praemittit,
1188 3186 1272 3251 unde
1288 3208 1337 3250 ra·

292 3367 298 3378 ‚
345 3295 470 3392 tiocinia
490 3295 529 3360 de
548 3296 709 3380 speciebus
731 3307 761 3361 et
782 3297 912 3384 singulis
938 3297 1060 3362 casibus
1080 3298 1250 3382 profluant.
1288 3298 1336 3362 lta
1368 3361 1372 3366 ,

348 3431 374 3473 e.
412 3433 442 3495 g.
479 3408 604 3493 qnando
633 3408 671 3472 de
704 3410 793 3473 variis
823 3411 1013 3495 regiminum
1051 3410 1158 3475 formis
1193 3410 1338 3475 dicturus

349 3530 410 3597 est,
434 3522 547 3582 frustra
584 3531 778 3605 exspectatur
808 3522 928 3608 aliquid
952 3524 990 3588 de
1016 3524 1089 3607 jure
1117 3526 1338 3610 imperantium
1434 3557 1435 3562 ¹

330 3631 380 3695 'et
413 3630 603 3717 populorum
640 3633 793 3699 abstracte
811 3648 943 3725 sumto,
973 3637 1059 3710 nulli
1082 3637 1201 3703 formae
1220 3638 1337 3704 ratione
1433 3699 1434 3708 ,

347 3745 462 3811 habiti.
496 3745 591 3809 Porro
612 3745 687 3809 item
708 3746 748 3810 de
770 3721 914 3834 legibus,
934 3750 1092 3836 religionis
1111 3752 1230 3817 ratione
1244 3772 1338 3836 prae-

379 4033 415 4100 (1)
433 4038 467 4084 Ε.
488 4037 513 4084 d.
533 4037 563 4085 L.
589 4034 676 4083 XXVI.
703 4036 792 4099 3-6,
813 4036 854 4083 14.
880 4034 980 4099 Egregie
997 4051 1020 4082 e.
1040 4033 1086 4097 1⁶3
1115 4034 1164 4082 sle
1180 4032 1238 4083 bien
1254 4032 1336 4099 public

348 4124 410 4175 o’est
424 4125 523 4190 jamnis,
543 4142 587 4191 que
605 4124 654 4190 l'orr
671 4128 739 4192 prise
756 4145 789 4177 nn
806 4126 944 4193 particulier
962 4127 990 4178 de
1007 4143 1048 4175 son
1064 4124 1122 4175 bien
1139 4142 1182 4192 per
1193 4143 1242 4175 une
1254 4124 1290 4178 loi,
1304 4141 1334 4173 on
1432 4141 1433 4144 ¹

348 4237 380 4269 no
397 4217 526 4283 reglernent
544 4215 687 4282 politiquc.”
850 4215 855 4223 '
