2892 5042
569 503 630 563 129

99 700 132 741 ra
159 690 191 742 et
218 681 442 766 frequentiores
459 681 555 744 fnisse
573 665 718 765 paludes,
752 683 828 746 item
856 684 888 746 iu
916 685 1084 750 Germanii

97 790 196 876 frigus
217 793 291 855 olim
311 792 411 859 acrius
426 793 537 869 fuisse,
558 814 653 878 quam
675 793 768 880 hodie
781 794 800 881 (
823 792 848 880 )
1063 822 1072 851 ν

139 905 275 969 Fortasse
300 906 440 972 consulto
468 912 691 992 argumentum
721 908 815 971 suum
837 907 961 992 penitus
980 930 1081 973 exan-

95 1015 173 1078 tlare
198 1017 303 1082 noluit
330 1020 365 1081 Α.
390 1020 447 1094 N„
477 1030 514 1080 ut
540 1018 652 1083 lectori
670 1021 778 1085 'multa
799 1016 963 1106 cogitama
983 1022 1083 1086 reliu-

92 1141 278 1211 querentur.
488 1136 491 1143 '
525 1138 547 1163 '¹

576 1222 612 1284 l.

142 1353 256 1422 Clima
287 1366 409 1435 autem,
446 1357 518 1420 oum
541 1356 699 1431 universe,
734 1359 803 1420 tdm
833 1356 857 1418 si
884 1357 978 1422 unice
1003 1354 1087 1420 coeli

93 1467 280 1550 temperiem
306 1466 355 1529 rel
374 1466 476 1551 potius
500 1468 644 1531 calorem
662 1478 797 1551 spectes,
827 1467 945 1553 duplici
966 1470 1085 1532 ratione

49 1644 52 1645 γ
95 1578 248 1643 effectum
271 1578 397 1642 sortitur
416 1579 451 1642 in
468 1578 552 1665 leges
575 1578 692 1663 populo
715 1578 872 1658 ferendas3
1070 1596 1075 1625 ¹

140 1693 184 1756 1⁰.
218 1691 391 1771 Quoniam,
409 1712 466 1774 pro
487 1692 572 1755 vario
593 1691 735 1766 climate,
760 1691 849 1755 variis
868 1713 947 1775 opus
968 1702 1014 1754 est
1031 1692 1082 1755 le⁴

23 1782 28 1801 ⁸
91 1804 184 1889 gibus
206 1804 356 1869 aediliciis
372 1803 411 1868 de
429 1803 558 1868 sanitate
580 1825 618 1867 ac
636 1803 765 1883 decor03

135 1921 182 1981 2⁰.
208 1916 370 1997 Quoniam
390 1915 548 2000 cogitandi
569 1915 714 1991 modum,
738 1918 845 1978 senstts
868 1927 898 1977 et
917 1926 1084 1980 consuetu-

88 2030 179 2093 dines
196 2027 359 2097 efformet,
383 2048 464 2111 quae
480 2025 664 2102 adtendere,
677 2026 730 2090 vel
742 2048 877 2112 augere,
899 2028 949 2090 vel
969 2027 1083 2112 quibus

39 2166 43 2173 ·
89 2133 253 2205 adversari
270 2150 409 2223 oporteat
430 2139 677 2225 legumlatorem.
957 2148 961 2157 ⁴
1067 2156 1079 2189 ²

137 2254 231 2317 Prius
241 2250 321 2315 illud
341 2261 424 2315 recte
444 2250 520 2315 vidit
537 2273 801 2329 nosrnsourvrns,
823 2263 853 2316 ct
872 2253 1012 2338 exempla
1030 2273 1084 2337 ap·

91 2365 211 2429 tissima
230 2363 367 2449 collegit,
391 2364 496 2448 qualia
513 2374 597 2440 sunt,
615 2377 781 2449 praecepta
801 2365 992 2451 religionum
1006 2358 1085 2450 qua*-

89 2478 231 2543 rundam
249 2470 289 2539 de
307 2498 364 2538 esu
382 2474 546 2552 carnium,
575 2474 614 2537 de
636 2476 712 2538 cibis
733 2475 878 2560 impuris,
908 2476 948 2539 de
967 2472 1085 2540 ablutiss

91 2590 230 2663 onibus,
252 2586 292 2650 de
312 2585 499 2670 quibusdam
519 2587 665 2670 operibus
685 2589 743 2668 (uti
760 2586 801 2659 ad
822 2589 967 2671 Gangem
986 2582 1086 2651 semol

45 2696 47 2699 ¹
93 2702 196 2767 sancti
218 2698 373 2773 habentur
402 2696 552 2785 aquarii),
576 2721 669 2782 porro
701 2721 795 2762 curae
820 2690 1029 2776 adhibendae,
1043 2690 1086 2762 ⁸ut

48 2892 49 2895 Ἴ
92 2813 200 2878 morbi
219 2811 374 2876 endemici
386 2820 636 2894 praevertentur,
658 2816 711 2875 aut
721 2822 870 2876 sanentur
886 2808 944 2898 (2).
964 2811 1085 2876 Haecce

1054 2938 1057 2945 ’
1073 2940 1082 2997 Ι

128 3079 168 3146 (1)
187 3078 227 3127 ct.
238 3036 439 3142 vico,·l’rinet'm'
449 3075 526 3125 duno
540 3094 576 3125 sc.
592 3093 684 3138 nuova,
705 3079 723 3125 l.
736 3080 772 3139 ll,
790 3095 811 3125 c.
827 3081 859 3125 12
878 3079 914 3143 (v.
925 3077 976 3143 (t),
988 3094 1011 3143 p.
1024 3082 1086 3129 222.

92 3170 209 3223 Conserd
226 3156 330 3215 rueretur
345 3166 464 3229 judicium
481 3184 504 3215 v.
522 3167 568 3216 cel.
587 3181 609 3217 o.
626 3180 711 3232 court,
734 3166 822 3217 Tros'td
837 3170 867 3217 de
883 3170 1043 3233 lipislotion,
1056 3186 1088 3218 ore

93 3262 243 3328 emporitica
261 3260 305 3307 dea
325 3259 373 3306 lois
388 3257 445 3323 φόνι.
464 3269 510 3307 ete.
528 3257 709 3324 (assistant),
727 3258 745 3308 l.
757 3259 804 3323 ΙΙΙ,
823 3259 861 3308 cli.
874 3261 899 3324 ll,
917 3258 961 3308 ubi
978 3277 1005 3324 p.
1021 3261 1087 3308 124:

93 3352 158 3402 o'l'el
179 3360 214 3397 cst
231 3349 254 3398 le
269 3352 369 3415 systeme
388 3347 417 3396 dc
429 3361 587 3418 uonmoosep
604 3366 644 3397 sur
666 3349 700 3397 les
719 3349 788 3397 effets
804 3348 836 3398 du
855 3349 947 3415 climat,
968 3368 1011 3417 ou,
1028 3367 1087 3416 pour

94 3444 179 3513 parler
194 3459 251 3503 aree
261 3441 413 3505 exactitude,
432 3440 464 3489 du
480 3439 542 3489 froid
555 3451 579 3489 et
596 3440 625 3489 de
641 3440 663 3488 la
679 3440 790 3506 chalcus,
808 3458 846 3491 car
865 3452 903 3491 cet
921 3440 1014 3492 illustre
1025 3444 1087 3494 ecri-

94 3538 156 3588 vsin
171 3552 201 3583 ne
213 3530 276 3584 's’est
292 3536 379 3600 occupd
394 3550 440 3600 que
456 3532 484 3580 de
501 3531 785 3599 l'inlluenceimmddiste
798 3533 908 3600 prodaite
924 3551 963 3585 sur
975 3532 1086 3585 l’lrorome

94 3646 142 3695 par
157 3607 183 3675 le
197 3627 354 3690 tempdratnre
373 3624 401 3673 de
420 3623 613 3690 l’atmosphere.'’
639 3626 712 3692 Seqq.
728 3643 795 3692 capp.
813 3627 888 3678 multa
904 3627 1005 3677 contulit
1024 3627 1087 3676 idem

95 3723 209 3786 scriptor,
226 3717 314 3785 quibus
329 3701 387 3767 baec
395 3735 432 3767 res
442 3717 472 3767 ab
485 3720 550 3767 omisi
564 3728 631 3784 parte
648 3719 815 3785 illustraretur,
833 3719 874 3768 sed
890 3717 933 3766 illo
948 3720 1018 3765 unice
1031 3734 1088 3781 pro·

97 3814 191 3878 posito,
210 3821 238 3859 ut
257 3810 435 3875 demonstraiet,
453 3810 594 3874 populorum
614 3808 719 3857 indolem
737 3808 833 3873 physice
851 3824 899 3855 non
923 3807 1027 3872 climate,
1047 3808 1088 3857 sed

96 3904 176 3967 stirpe
193 3901 281 3967 (racc),
298 3901 360 3949 unde
381 3901 476 3950 oriundi
486 3902 543 3965 sint,
561 3899 721 3948 determinari.
743 3900 817 3963 Cujus
829 3898 858 3947 de
874 3899 989 3964 stirpibus
1005 3915 1089 3968 quaes-

97 3997 176 4044 tionis
194 3994 284 4041 mentio
297 4010 345 4041 non
361 3993 391 4040 fit
407 3991 471 4057 apud
488 4002 681 4046 notrasoolvmm
986 4014 992 4027 2

102 4144 106 4151 Ι
137 4082 228 4149 (Μ.
248 4081 766 4150 d.t.11v.1o-12;mv.ea,ee.
795 4085 922 4152 Praecepta
938 4104 980 4138 seu
1000 4092 1089 4141 monite

99 4177 133 4224 de
152 4177 266 4241 resupini
282 4175 328 4223 huc
345 4177 403 4225 item
419 4177 551 4241 pertinent,
572 4194 618 4226 non
635 4177 691 4227 verb
706 4178 771 4245 leges
790 4178 819 4229 de
837 4182 919 4246 poenis
936 4181 1090 4243 delictorum,

120 4268 189 4350 n
755 4310 757 4317 -
935 4277 955 4336 a
