2892 5042
597 473 636 535 45

122 668 227 730 erant,
252 675 331 737 quae
355 674 410 734 per
436 674 469 720 se
499 653 612 715 summi
642 654 793 716 momenti
820 653 852 715 in
881 655 944 718 vita
970 652 1107 735 practica
1162 705 1166 714 .

118 768 233 842 forent,
257 786 315 828 nec
335 763 422 832 aliter
444 763 568 827 evenire
587 776 722 847 poterat,
749 763 829 856 quin
848 764 886 827 iis
906 764 1107 828 allicerentur

118 877 264 951 lectores,
294 896 392 959 quum
419 876 559 959 primdm
583 877 626 940 ita
652 877 808 958 junctim,
829 876 971 960 quamvis
990 874 1106 940 medie

118 989 221 1062 criter,
245 986 490 1056 exhiberentur„
508 990 633 1068 Quanth
661 989 777 1074 magis,
807 1009 907 1072 quum
933 986 995 1049 illis
1014 1009 1106 1071 argu-

117 1100 230 1163 mentis
249 1121 375 1183 operam
398 1110 525 1172 navaret
544 1098 638 1177 homo
660 1101 728 1182 ejus
748 1099 868 1185 ingenii
888 1098 1106 1183 praestantiae!

117 1213 263 1275 Attamen
281 1222 411 1288 constat,
439 1212 540 1275 multh
557 1212 661 1276 minus
678 1209 871 1297 argumentis
894 1211 987 1293 ipsis,
1013 1230 1109 1294 quam

15 1369 17 1372 ,
117 1307 269 1406 peculiari
285 1323 381 1407 ipsius
399 1324 556 1401 methodo,
573 1344 888 1407 opusnourssomvn
914 1344 1061 1408 magnam
1078 1333 1110 1385 et

37 1446 39 1449 ⁴
118 1435 299 1498 diuturnam
327 1435 564 1499 admirationem
583 1436 726 1499 debuisse
748 1437 853 1510 illam,
884 1456 979 1517 quam
1006 1435 1111 1496 revoria
1189 1431 1196 1436 ’

119 1559 284 1631 expertum
303 1557 356 1610 est.
375 1547 466 1609 Ratio
482 1539 550 1622 illa,
565 1569 600 1609 ox
619 1548 682 1632 qud
697 1544 776 1609 nihil
791 1547 947 1630 protertur
963 1545 1111 1610 continui

120 1659 278 1734 oratione,
312 1659 416 1722 omnia
443 1638 645 1723 exterioribus
668 1658 761 1722 modo
787 1658 983 1722 lineamentis
1004 1658 1110 1724 deter-

118 1773 295 1850 minantur3
321 1770 446 1834 nullum
464 1771 647 1856 cogitationi
668 1771 846 1853 subjectum
863 1772 1053 1850 exantlatum
1079 1783 1110 1835 et

118 1883 323 1947 nihilominus
350 1883 457 1968 paucis
481 1883 581 1946 verbis
603 1883 750 1945 multum.
767 1883 806 1946 de
824 1883 954 1966 singulis
980 1883 1110 1959 dicitur;

119 2017 182 2059 non
202 1998 328 2059 tantdm
351 1994 528 2061 intellectus
555 2005 727 2078 occupatur
752 1993 984 2060 definitionibus
1009 2004 1039 2057 et
1065 2016 1114 2058 ra-

16 2133 23 2146 ·
119 2107 258 2172 tiociniis
283 2105 523 2190 philosophicis,
556 2109 664 2171 verdm
698 2106 791 2171 etiam
819 2106 1039 2193 depingendo,
1069 2107 1114 2174 ria.

120 2217 333 2305 imaginatudi
352 2218 516 2297 excitatum
541 2219 688 2284 universe
704 2220 830 2307 fulgura
854 2221 909 2285 illa
934 2232 965 2283 ct
979 2218 1114 2288 fulmina

121 2332 243 2418 ingenii
264 2329 361 2417 (quod
379 2334 519 2397 tortasse
535 2333 612 2396 dum
631 2334 700 2397 aliis
716 2335 822 2400 lucem
847 2334 1009 2417 praebeat,
1034 2334 1113 2397 toti-

122 2445 194 2507 dem
212 2443 290 2506 alios
310 2445 460 2508 coecitate
485 2442 633 2529 adfligit);
668 2444 771 2509 omnia
792 2444 869 2510 haec
887 2445 1003 2528 optime
1027 2455 1113 2508 erant
1144 2479 1147 2484 ·

123 2565 319 2638 comparata,
344 2565 379 2617 ut
397 2554 494 2617 talem
508 2556 678 2620 Auctorem
696 2567 728 2618 et
748 2556 986 2638 comprobarent
1010 2567 1040 2620 et
1057 2556 1114 2620 ad-

124 2667 317 2738 mirarentur
335 2687 426 2752 gens,
448 2667 556 2751 quales
574 2677 650 2731 tnnc
667 2643 757 2730 erant
776 2666 908 2730 Franci''
928 2668 938 2750 (
963 2663 988 2750 ).

160 2777 348 2862 ¹Quominus
366 2789 471 2842 autem
489 2778 592 2843 eidem
610 2778 770 2863 praeclaro
797 2779 940 2862 scriptori
966 2780 1115 2843 assentia-

22 2891 26 2896 ’
124 2914 215 2969 mur,
241 2890 294 2954 uhi
323 2913 560 2974 niinrnsomvro
583 2903 721 2956 mentem
749 2890 996 2976 philosophicam
1021 2891 1117 2955 luisse

125 3016 235 3092 negat,
261 3016 364 3070 vetant
393 3029 446 3083 ea,
467 3028 547 3091 quae
575 3028 667 3090 supra
694 3006 864 3070 observavi.
900 3007 968 3069 Non
986 3015 1115 3070 naturae

125 3117 217 3192 vitio,
249 3115 302 3177 sed
331 3117 470 3179 consulth
496 3116 552 3177 sibi
585 3117 679 3201 elegit
704 3114 886 3181 methodum
914 3116 1002 3178 illam
1020 3115 1113 3177 levio-

94 3255 100 3266 *
127 3250 209 3306 rem,
244 3238 273 3288 et
302 3207 430 3289 historia
461 3237 491 3287 et
519 3248 624 3288 rernm
653 3225 851 3309 politicarum
881 3224 1058 3310 cognitione
1086 3237 1116 3287 et
1142 3245 1146 3246 ⁷

121 3341 198 3406 aliis
223 3327 413 3422 disciplinis,
437 3338 593 3423 aptissime
615 3360 685 3402 usus
705 3349 764 3417 est;
789 3338 903 3423 quihus
922 3349 976 3402 aut
994 3339 1115 3402 tantdm

39 3516 43 3524 ,
125 3452 267 3529 ualebat,
294 3454 447 3537 quantdm
463 3451 623 3537 aequales,
647 3461 701 3515 aut
709 3450 808 3520 aetati
826 3472 899 3514 suae
917 3450 1009 3515 etiam
1025 3472 1115 3535 prae-

130 3566 281 3644 cellebat3
309 3587 368 3630 nec
386 3565 449 3630 ulla
475 3565 522 3628 inf
536 3565 608 3649 ipsis
631 3563 832 3640 notionibus,¹
846 3563 1027 3649 disciplinae
1049 3564 1115 3626 elc—

131 3690 311 3743 mentorum
328 3678 467 3743 conlusio
485 3677 636 3763 adparuit.

175 3794 263 3858 llliae
273 3794 466 3879 quaestiones
475 3794 508 3856 ln
519 3815 555 3856 eo
566 3802 737 3865 versantur,
748 3811 826 3852 num
836 3787 996 3871 probanda
1006 3786 1044 3847 sit
1052 3785 1117 3869 ipsa

139 3958 342 3969 ...-.--—--

169 4051 206 4118 (1)
224 4053 335 4113 Heraea,
353 4051 415 4096 ather
434 4048 459 4095 d.
474 4046 639 4108 Entstclrung
657 4059 686 4090 a.
705 4059 728 4089 s.
747 4057 779 4089 w.
798 4042 823 4088 in
837 4041 905 4089 dist.
929 4011 1080 4107 Wcrlrmlh.
1092 4043 1117 4104 l,

136 4143 210 4195 tbth.
228 4144 280 4202 111,
298 4155 350 4205 pag.
370 4142 420 4187 418
438 4155 474 4203 sq.
