2892 5042
317 584 376 628 vlu

320 770 453 826 eoram,
469 750 528 839 qui
547 750 811 829 antecesserunt,
834 746 949 811 edocti.
985 743 1146 811 Universe
1163 746 1231 826 illi,
1247 750 1307 834 qui

320 859 363 926 de
376 860 494 946 juris,
510 863 719 949 praesertim
739 859 780 923 de
796 859 957 948 politices
973 857 1195 946 philosophici
1210 860 1304 921 scri·

319 973 414 1052 bunt,
443 971 485 1035 id
506 973 574 1035 sibi
591 993 795 1061 persuasum
815 971 949 1050 habent,
974 971 1178 1057 nequiquam
1201 970 1308 1032 tutius

321 1105 358 1152 se
375 1083 547 1172 progredi
559 1105 678 1173 posse,
702 1084 872 1170 quamsi,
896 1085 987 1147 retrb
1009 1088 1154 1170 spectato
1176 1088 1304 1159 oetero-

322 1217 397 1266 rum
429 1198 581 1277 tramite,
614 1195 809 1273 didicerint,
843 1219 867 1259 a
893 1197 1078 1258 temeritate
1097 1195 1162 1257 sibi
1178 1213 1304 1262 cavere.

323 1307 418 1374 Hinc
421 1310 616 1397 proximum
633 1308 692 1373 hoc
709 1308 897 1378 decennium
911 1309 1094 1373 toleaimia
1113 1307 1191 1369 tulit
1203 1325 1306 1393 opera

322 1443 359 1486 eo
377 1422 553 1509 proposito
571 1423 716 1508 scripta,
735 1428 772 1483 ut
781 1442 849 1510 per
859 1422 1054 1507 antiquiora
1069 1426 1101 1482 et
1119 1422 1306 1483 recentiora

324 1532 458 1597 saecula
490 1531 739 1620 indagarentur
769 1540 801 1597 et
831 1532 989 1619 vulgares
1017 1532 1234 1620 populorum,
1274 1538 1307 1593 et

321 1646 521 1735 excelsiores
535 1647 784 1732 praestantium
807 1647 955 1708 virorum
980 1646 1158 1707 sententiae
1180 1641 1221 1705 de
1235 1664 1306 1729 po·-

319 1758 428 1822 litiois
444 1758 669 1843 argumentis,
692 1776 864 1842 eorumque
887 1757 924 1817 in
945 1775 1000 1817 res
1018 1761 1137 1842 gestas
1158 1753 1305 1841 efficacia
1356 1767 1358 1769 ’

317 1875 549 1955 exponeretur.
980 1850 983 1855 ⁴

349 1980 401 2045 Ἐ
423 1981 644 2069 scriptoribus
668 1980 727 2045 hoo
751 2001 831 2067 opas
851 1982 1046 2067 aggressis,
1081 2000 1302 2061 essmmnn,

321 2110 488 2174 uouisset,
510 2113 678 2155 werricus
695 2094 830 2155 nomina
851 2095 908 2154 oca
927 2113 1008 2178 qens
1030 2099 1081 2154 est
1103 2102 1303 2174 recenseam,

320 2212 357 2268 ut
379 2207 467 2269 sciat
484 2207 723 2291 unusquisque,
747 2211 948 2291 quantopere
975 2204 1133 2268 historici
1155 2206 1215 2270 illi
1232 2226 1305 2269 con·

319 2318 451 2405 spectris
472 2316 665 2403 disciplinis
679 2317 836 2403 politicis
850 2315 1056 2403 proficerint.

364 2428 501 2515 Itaque,
523 2432 628 2516 qaum'
643 2436 721 2492 ante
739 2429 870 2515 aliquot
882 2449 1024 2506 menses,
1049 2428 1215 2493 scribendi
1231 2450 1305 2493 rna*

318 2542 436 2605 ten'em
459 2561 649 2627 quaererem
672 2547 787 2624 aptam
808 2541 982 2627 specimini
1006 2540 1176 2627 bipertito,
1208 2542 1305 2628 qual,

204 2708 208 2721 ,
317 2677 341 2717 a
366 2653 530 2716 tironibus
557 2659 729 2739 utrumque
754 2651 962 2716 doctoratnm
979 2654 1146 2739 petituris
1170 2656 1306 2740 saepias

321 2766 438 2850 confici
462 2767 559 2845 solet,
594 2787 691 2851 quum
717 2785 827 2851 porro
858 2765 1088 2850 singularibus
1112 2765 1306 2851 quibusdam

321 2879 453 2943 deliciis
480 2877 565 2939 mihi
588 2876 764 2940 arrideret
786 2876 1083 2964 jurisprudentiae
1114 2879 1178 2942 illa
1196 2900 1302 2966 pars,

321 2992 456 3078 quaein
474 2989 626 3076 politicis
643 2996 812 3071 uersatur,
835 2988 908 3075 ejus
921 2992 1060 3077 generis
1078 2999 1305 3078 argumentum

320 3102 530 3190 (historicum
548 3098 646 3190 puta)
662 3102 748 3164 mihi
775 3088 903 3167 samem
928 3105 1095 3192 constitui.
1131 3101 1228 3168 Satis
1242 3127 1305 3169 au-

322 3222 386 3277 tem
403 3215 505 3278 latam
523 3235 672 3302 campum
689 3215 776 3277 mihi
785 3215 868 3301 fore
879 3218 1004 3302 putari
1010 3263 1020 3293 ,
1043 3218 1077 3278 si
1090 3237 1191 3302 neque
1204 3225 1305 3281 totam

226 3365 232 3370 -
322 3327 467 3411 alicujus
488 3326 659 3391 doctrinae
677 3327 870 3409 historiam,
894 3348 997 3415 neque
1018 3330 1118 3392 etiam
1137 3330 1304 3417 integram

318 3430 394 3527 'equs
396 3439 593 3528 periodum,
610 3440 791 3525 scriptione
800 3440 1125 3528 comprehenderem
1140 3442 1202 3504 sed
1208 3464 1305 3506 unum

319 3536 548 3617 ¹tantirmmodo
562 3554 668 3614 oi'rum
687 3553 722 3612 in
745 3551 965 3639 compluribus
987 3553 1109 3615 eximie
1119 3561 1307 3639 praestan·

323 3674 403 3747 tera,
436 3686 454 3727 e
477 3664 605 3728 saeculi
631 3667 782 3751 ingenio,
816 3687 859 3728 ea
879 3665 990 3727 indole
1011 3667 1084 3751 ipsi
1093 3669 1265 3753 proprii,
1288 3689 1307 3730 e

320 3780 464 3865 scriptis
493 3777 633 3865 denique
665 3785 697 3841 et
726 3780 918 3865 aequalium
937 3776 1087 3862 judiciis
1118 3798 1251 3842 noscere
1275 3787 1307 3842 et
1339 3858 1345 3864 ι

320 3892 522 3957 adumbrare
537 3898 708 3955 tentarem.
742 3891 921 3978 Ejusmodi
937 3892 1110 3955 conamina
1117 3896 1305 3979 peritorum

323 4002 503 4092 suffragiis
511 4003 719 4092 comprbbari
725 4027 835 4092 posse,
844 4006 1029 4091 insigniter
1039 4003 1306 4092 ostendz‘tproai-
1352 4062 1354 4065 ,

233 4107 239 4112 ’
320 4121 388 4181 'mis
410 4117 619 4182 hisceannis
641 4140 721 4205 opus
746 4141 776 4179 o.
804 4120 845 4183 cl.
869 4138 997 4198 nouus,
1021 4116 1306 4181 aduocatorum
1425 4120 1426 4123 ’

322 4233 441 4297 librum
465 4230 516 4294 del
546 4231 703 4314 principe,
734 4232 829 4314 cujus
855 4234 955 4295 etia-m
980 4232 1145 4297 lectionem
1173 4234 1305 4296 stimulo
