2892 5042
583 513 625 572 55

109 688 216 754 Beroe
230 689 402 773 colloquio,
421 700 455 752 et
471 689 583 753 melim
602 688 770 753 educmum
788 709 852 752 esse
865 688 1094 754 adolescentem

111 800 254 886 op'matus
275 810 337 878 est,
360 820 456 885 quam
474 801 540 885 ejus
560 798 745 864 conditionis
760 798 901 865 homines
918 801 1014 888 vulgo
1031 823 1098 866 esse

69 958 74 969 ,
109 916 225 991 solent,
248 914 316 977 tdm
335 933 428 998 porro
451 934 488 977 ex
506 910 660 997 imperitia
678 910 814 997 quddam
834 912 868 975 in
890 912 983 976 remis
997 935 1095 1000 agen·

87 1086 93 1097 s
107 1026 166 1102 dis,
176 1026 263 1090 brari
279 1024 494 1090 animadvertit
508 1024 594 1109 operi
607 1023 654 1086 illi
668 1046 734 1087 nou
748 1023 869 1088 dudum
878 1026 1094 1092 anuefactum.

155 1134 221 1202 lico
249 1158 349 1223 quum
377 1137 590 1223 profiteretur,
616 1138 761 1223 lacrymis
779 1138 1098 1224 suffusus-respondet

109 1251 180 1329 ille,
203 1261 287 1315 recte
305 1250 494 1330 divinatum
510 1270 542 1314 se
562 1248 770 1337 gerumarium
792 1271 853 1316 nec
870 1250 948 1316 adeo
971 1272 1097 1336 paupe-

110 1380 179 1424 rem
204 1364 312 1441 luisse,
343 1375 374 1427 at
400 1364 513 1428 misero
537 1384 609 1428 casu
632 1362 795 1440 adactum,
818 1374 855 1426 ut
877 1363 995 1428 victum
1013 1382 1096 1449 quc·

111 1492 250 1559 utrmque
271 1473 365 1538 modo
389 1485 563 1560 quaereret.
609 1470 700 1537 Pater
717 1473 802 1536 enim
817 1496 835 1538 a
851 1473 951 1556 pirata
972 1485 1096 1557 captus,

108 1584 285 1650 lemanum
301 1584 454 1651 abductus
475 1586 591 1662 fuerat3
612 1580 714 1648 Turea
733 1585 785 1647 oui
801 1584 834 1647 in
849 1582 1023 1647 dominium
1041 1584 1096 1647 ob·

110 1696 237 1784 tigerat,
267 1701 287 1763 2
314 1697 412 1762 millis
437 1706 629 1760 scutatorum
648 1695 812 1779 poscebat,
838 1705 875 1757 ut
892 1689 1097 1760 manumitte-

110 1818 172 1886 ret;
192 1808 260 1891 jam
278 1808 344 1893 ipse
366 1819 396 1872 et
415 1818 514 1872 mater
533 1817 565 1871 et
585 1827 704 1871 sorores
724 1805 780 1870 diu
799 1818 973 1894 noctuque,
996 1828 1098 1894 quan·

109 1929 178 1983 tum
198 1931 338 2004 possent,
361 1919 514 2006 pecuniae
534 1919 593 1983 sibi
615 1919 841 2003 comparandae
860 1919 1041 1996 studebant,
1061 1932 1099 1983 ut

108 2026 328 2115 paterfamilias
348 2031 543 2105 liberaretur.
589 2031 847 2105 llorrnsonrrrus
866 2030 979 2115 rogatis
997 2030 1099 2093 nomi·

109 2142 202 2206 sibus
231 2142 344 2226 captivi
375 2138 525 2225 (rossus)
557 2152 588 2205 et
613 2139 748 2217 domini,
778 2160 961 2204 crumenam
981 2142 1098 2206 vectori

102 2254 180 2339 ‘saus
200 2254 350 2339 repletam
369 2254 432 2331 dat,
453 2266 489 2318 ut
510 2257 594 2319 tantb
615 2254 706 2320 citius
729 2254 768 2319 ad
791 2272 993 2318 nummorum
1011 2274 1097 2318 sum·

108 2384 193 2430 mam
223 2365 402 2451 requisitam
421 2366 589 2450 perveniat.
634 2369 724 2431 Tunc
748 2365 810 2431 oitb
829 2342 912 2442 abit,
930 2366 979 2430 sui
997 2367 1098 2430 nomi·

111 2476 159 2541 nis
186 2475 332 2571 ignarum
357 2477 503 2562 linquens
522 2456 761 2544 adolescentem.
806 2478 919 2542 Tribus
937 2477 1097 2541 mensibus
1166 2498 1180 2505 “

13 2632 18 2638 -
108 2598 194 2670 post,
217 2587 294 2650 dum
312 2587 406 2650 solitis
425 2588 586 2652 laboribus
605 2588 690 2651 domi
710 2608 835 2672 operam
851 2600 964 2653 natant
984 2589 1099 2671 conjux

109 2708 142 2760 et
164 2697 255 2760 liberi
271 2714 432 2773 seruari,
459 2718 532 2762 ecce
552 2698 737 2762 cubiculum
756 2699 982 2782 inexspectatus
1003 2699 1099 2762 intrat

109 2820 207 2894 pater,
253 2811 324 2874 Post
338 2810 455 2894 primos
472 2811 632 2895 amplerds
645 2821 676 2873 et
693 2822 805 2874 mutua
824 2810 946 2897 gaudia,
963 2810 1096 2896 quaerit,
1156 2878 1158 2881 ,

109 2942 174 3008 quo
193 2933 284 3008 pacto
301 2920 428 2986 tandem
443 2944 512 2987 eam
528 2943 730 2986 nummorum
748 2944 900 2988 summam
916 2923 1098 3011 collegerint

110 3046 173 3100 mm
202 3033 290 3098 brevi
317 3045 471 3119 tempore3
501 3026 550 3098 illi
577 3035 674 3099 senil
694 3036 812 3100 misisse
832 3019 1036 3103 asseverant.x
1059 3037 1097 3100 ln

110 3147 293 3210 memoriam
318 3158 395 3210 tunc
419 3158 545 3211 revocat
562 3146 644 3211 filius
666 3149 868 3233 peregrinum
888 3148 1043 3233 quendam
1066 3159 1098 3210 et

109 3278 292 3323 crumenam
311 3256 428 3323 dedisse
446 3268 478 3321 et
496 3258 622 3320 nomina
643 3278 777 3341 rogasse.
823 3258 904 3318 Huic
920 3258 1016 3341 igitur
1029 3259 1096 3349 ‘uti-

110 3391 184 3435 nam
199 3379 303 3456 grates
325 3390 417 3456 agere
431 3369 554 3434 liceret!
600 3369 641 3434 At
661 3389 777 3433 vanum
796 3367 986 3431 desiderium
1002 3389 1095 3432 man-

110 3483 171 3560 n't,
201 3481 301 3547 donec
326 3493 395 3567 post
423 3482 587 3548 biennium
616 3482 720 3546 denuo
743 3481 903 3547 Massiliam
924 3482 1095 3566 perambu-

110 3596 153 3660 lat
181 3614 445 3675 uonrrsourvrus.
490 3596 579 3660 Tunc
605 3575 735 3660 simulac
762 3596 873 3660 callem
902 3594 1093 3682 ingreditur,

110 3707 165 3772 ubi
182 3706 334 3772 habitaret
354 3730 489 3789 roseus,
514 3708 606 3771 domo
629 3686 729 3771 exsilit
747 3708 880 3801 juvenis,
906 3729 1008 3791 genua
1027 3728 1094 3771 am-

110 3819 270 3904 plectitur,
298 3819 392 3904 patris
421 3820 635 3896 liberatorem,
664 3819 722 3882 Dei
752 3819 905 3884 nuncium
934 3828 1040 3893 vocat,
1064 3831 1094 3882 at

104 3932 175 4010 ille,
198 3932 310 4019 vulgus
333 3955 520 3998 concurrere
539 3953 680 4009 cernens,
691 3930 764 3995 ficit
779 3953 852 3992 eum
867 3928 980 3992 duritie
994 3929 1095 4014 repel-

111 4044 165 4121 lit,
187 4046 240 4110 alii
262 4044 373 4131 gratias
394 4043 528 4132 agendas
550 4043 634 4116 dicit,
658 4040 783 4105 tandem
805 4062 863 4126 per
875 4039 1010 4106 melium
1027 4041 1095 4126 ple*

110 4158 183 4222 bem
207 4157 325 4242 effugit.
359 4158 405 4221 lta
428 4157 534 4242 ignota
555 4153 714 4221 mansisset
738 4174 773 4218 ea
794 4151 1018 4229 munificentia,
1033 4152 1093 4216 nisi
