2892 5042
800 477 896 562 ιη’

334 694 507 761 rectoribru
527 691 681 757 mercium
709 688 851 754 accidere
877 686 1010 759 soleant,
1032 702 1162 767 ,nemon
1182 703 1201 744 e
1222 680 1325 745 diver-

336 810 425 874 sitate
445 804 538 891 pretii
563 804 597 866 in
627 802 719 867 variis
750 800 833 865 loris
857 796 1067 864 Parsimoniae
1091 795 1177 858 emm
1195 794 1325 858 nomine

335 921 425 987 illam
445 926 652 997 mercaturam
667 913 824 999 designat,
845 933 928 997 quae
949 919 1069 976 condat
1087 906 1227 972 emendis
1241 929 1327 971 mer·

269 1078 272 1081 -
335 1031 425 1098 cibus
448 1029 482 1091 in
502 1028 569 1091 loro
596 1037 758 1103 extranee,
782 1023 984 1089 revendendis
1005 1025 1040 1087 in
1060 1022 1123 1086 alio
1149 1020 1231 1096 foro,
1262 1019 1323 1083 ubi

335 1142 550 1209 desiderantur
575 1139 764 1228 (commeroe
783 1138 825 1203 de
844 1140 1043 1227 transponat).
1075 1132 1239 1199 claudicat
1263 1154 1327 1196 au-

337 1269 401 1321 tem
420 1274 649 1331 uonrnsourvrr
665 1250 837 1330 distmcti03
861 1271 935 1314 nam
1352 1332 1355 1341 .

384 1372 426 1433 1⁰.
465 1369 672 1440 mercaturae,
703 1385 786 1449 quae
817 1365 919 1427 luxui
946 1359 1106 1435 inserviat,
1143 1356 1323 1431 criterium,

337 1480 362 1542 si
387 1501 461 1544 eum
482 1480 605 1555 audias,
626 1488 691 1542 est:
718 1478 835 1561 »ipsius
851 1497 909 1561 ope
928 1473 1098 1558 superfluas
1112 1468 1225 1533 advehi
1244 1490 1324 1533 mer-

337 1598 426 1670 ees;’'
462 1593 530 1675 jam
560 1592 689 1655 alteram
718 1589 856 1673 speciem
881 1588 959 1650 item
991 1583 1146 1647 mercium
1175 1580 1323 1665 qualitate

336 1702 471 1766 discerni
507 1711 678 1783 oporteret,
711 1701 820 1762 rerdm
861 1700 896 1761 in
928 1696 988 1761 hac
1022 1693 1200 1759 definiendd
1234 1692 1325 1756 unice

338 1814 405 1896 ejus
420 1811 560 1899 agendae
580 1812 734 1876 rationem
754 1821 883 1895 spectat3

383 1929 429 1990 2⁰.
453 1923 611 1988 Plurimae
630 1922 709 1989 aliae
729 1934 802 1988 sunt
817 1921 976 1987 mercandi
991 1920 1127 1995 termae,
1149 1918 1196 1981 uti
1205 1937 1323 1981 merca-
1439 2004 1440 2007 Ἴ

339 2050 412 2101 tura
432 2038 572 2111 interna,
596 2035 788 2111 tabernaria,
807 2044 1011 2110 coemtorum,
1029 2031 1197 2101 erectionis
1216 2030 1323 2105 causa,

342 2168 420 2230 quas
439 2166 503 2209 nen
523 2145 624 2230 tetigit
643 2145 655 2224 (
679 2143 704 2230 ).

382 2258 544 2320 Praeterea
570 2278 588 2318 e
607 2255 806 2320 distinctione
825 2257 882 2321 sud
900 2257 991 2341 sequi
1009 2255 1161 2319 existimat
1185 2277 1324 2319 nonrm-

339 2390 483 2445 onrvms,
511 2388 734 2454 quaecumque
761 2370 902 2435 instituta
932 2369 1117 2434 mercatoria
1151 2368 1339 2433 civitatibus·

337 2480 445 2544 liberis
466 2479 556 2546 utilia
575 2491 770 2565 apparerent,
789 2504 825 2546 ea
842 2480 926 2545 haud
944 2481 1111 2546 convenire
1125 2479 1324 2545 monarchis.

308 2578 311 2583 r
337 2595 417 2658 Item
437 2593 527 2670 inde,
551 2593 635 2679 quod
655 2616 750 2678 parvo
768 2594 857 2660 lucro
875 2616 968 2678 saepe
988 2595 1126 2658 conteuti
1147 2614 1214 2656 eme
1229 2593 1323 2656 debe-

339 2717 408 2770 rent
418 2716 610 2789 ,mercatores
623 2706 670 2769 illi
679 2710 897 2793 pararnom'd
911 2716 1046 2782 utentes,
1068 2708 1105 2769 ed
1120 2706 1271 2789 procedit,
1289 2714 1322 2767 ut

338 2815 519 2898 perhibeat,
536 2818 617 2898 ipsos
639 2817 758 2900 absque
778 2818 964 2883 detrimento
989 2840 1082 2904 agere
1101 2839 1193 2903 posse
1209 2839 1326 2881 meror·
1365 2840 1370 2858 ·

338 2937 442 2991 turam
473 2927 522 2987 vel
548 2927 777 3011 navigationem
806 2929 883 2993 adeo
910 2930 1109 3006 damnosam,
1141 2942 1178 2993 ut
1200 2930 1324 2996 tucmm

339 3058 485 3121 expensas
503 3057 567 3102 non
588 3050 721 3123 superet.

343 3204 347 3208 .
382 3152 532 3236 Exemplo
557 3151 656 3216 adfert
683 3153 885 3218 balaenarum
912 3154 1134 3237 piscationem,
1162 3172 1259 3240 quam
1283 3156 1325 3219 ai

339 3286 431 3348 saepe
462 3264 683 3329 exercitoribus
711 3266 838 3330 narium
857 3265 936 3328 nulli
958 3266 1046 3331 luero
1066 3265 1192 3343 cedere,
1216 3269 1325 3332 rerum
1359 3328 1362 3333 .

339 3388 417 3438 tune
435 3385 540 3440 tamen
560 3375 706 3459 prodesse
729 3376 863 3453 civitati,
888 3377 1036 3462 quoniam
1060 3377 1326 3464 lucrumsemper

339 3487 467 3567 capiunt
492 3486 557 3561 illi,
586 3490 642 3571 qui
663 3491 794 3557 navium
812 3501 1005 3555 armamenta
1025 3492 1249 3575 praebuerunt,
1287 3493 1326 3556 ffl
1439 3526 1440 3537 κ

339 3605 444 3659 autem
471 3617 570 3681 quum
589 3598 683 3661 iidem
706 3624 771 3667 esse
795 3603 931 3668 solerent
947 3615 1041 3690 atque
1059 3606 1246 3670 exercitores
1272 3616 1327 3671 aut

159 3726 164 3734 ·
187 3798 197 3814 ,
230 3720 233 3723 '
340 3732 448 3775 eorum
469 3709 554 3789 socii,
571 3710 724 3781 mmnurn
742 3715 835 3780 lucro
844 3716 1081 3801 compensatum
1092 3719 1181 3786 leret,
1205 3721 1327 3787 Verum

341 3823 411 3908 quis
425 3823 557 3902 dubitet,
577 3826 602 3888 si
617 3827 752 3892 solerent
764 3830 883 3893 sumtus
897 3830 1021 3894 nullum
1033 3832 1159 3896 lucrum
1168 3835 1325 3916 proferre,

369 4085 409 4154 p)
426 4089 541 4153 omno,
560 4091 740 4158 ib.pag.125.
766 4098 824 4161 sn,
840 4099 1044 4163 nosocomos,
1061 4113 1086 4162 p.
1098 4097 1140 4163 11,
1157 4115 1180 4149 c.
1191 4098 1288 4165 xtvlv.
1302 4098 1323 4164 1,
1439 4090 1440 4137 ἶ

335 4193 390 4243 pag.
407 4178 480 4245 ³86).
