<?xml version="1.0" encoding="UTF-8"?>
<!DOCTYPE html PUBLIC "-//W3C//DTD XHTML 1.0 Transitional//EN"
    "http://www.w3.org/TR/xhtml1/DTD/xhtml1-transitional.dtd">
<html xmlns="http://www.w3.org/1999/xhtml" xml:lang="en" lang="en">
 <head>
  <title>
</title>
<meta http-equiv="Content-Type" content="text/html;charset=utf-8" />
  <meta name='ocr-system' content='tesseract 3.04.00' />
  <meta name='ocr-capabilities' content='ocr_page ocr_carea ocr_par ocr_line ocrx_word'/>
</head>
<body>
  <div class='ocr_page' id='page_1' title='image "./speciminisinaug00heemgoog_0104.png"; bbox 0 0 2892 5042; ppageno 0'>
   <div class='ocr_carea' id='block_1_1' title="bbox 857 550 898 612">
    <p class='ocr_par' dir='ltr' id='par_1_1' title="bbox 857 550 898 612">
     <span class='ocr_line' id='line_1_1' title="bbox 857 550 898 612; baseline 0.049 -2"><span class='ocrx_word' id='word_1_1' title='bbox 857 550 898 612; x_wconf 77' lang='lat'><strong>82</strong></span> 
     </span>
    </p>
   </div>
   <div class='ocr_carea' id='block_1_2' title="bbox 306 728 1420 3707">
    <p class='ocr_par' dir='ltr' id='par_1_2' title="bbox 381 728 1420 2371">
     <span class='ocr_line' id='line_1_2' title="bbox 429 728 1361 819; baseline -0.012 -21"><span class='ocrx_word' id='word_1_2' title='bbox 429 732 522 819; x_wconf 77' lang='lat' dir='ltr'><strong>Apud</strong></span> <span class='ocrx_word' id='word_1_3' title='bbox 552 734 707 798; x_wconf 85' lang='lat' dir='ltr'><strong>Romanos</strong></span> <span class='ocrx_word' id='word_1_4' title='bbox 737 731 878 794; x_wconf 89' lang='lat' dir='ltr'><strong>omnium</strong></span> <span class='ocrx_word' id='word_1_5' title='bbox 912 740 981 792; x_wconf 84' lang='lat' dir='ltr'><strong>vota</strong></span> <span class='ocrx_word' id='word_1_6' title='bbox 1014 728 1186 792; x_wconf 80' lang='lat' dir='ltr'><strong>tetendisse</strong></span> <span class='ocrx_word' id='word_1_7' title='bbox 1218 729 1258 792; x_wconf 84' lang='lat' dir='ltr'><strong>ad</strong></span> <span class='ocrx_word' id='word_1_8' title='bbox 1287 748 1361 813; x_wconf 82' lang='lat' dir='ltr'><strong>agros</strong></span> 
     </span>
     <span class='ocr_line' id='line_1_3' title="bbox 385 840 1362 930; baseline -0.008 -23"><span class='ocrx_word' id='word_1_9' title='bbox 385 844 528 930; x_wconf 89' lang='lat' dir='ltr'><strong>publicos</strong></span> <span class='ocrx_word' id='word_1_10' title='bbox 559 843 779 930; x_wconf 86' lang='lat' dir='ltr'><strong>capessendos,</strong></span> <span class='ocrx_word' id='word_1_11' title='bbox 803 862 971 928; x_wconf 88' lang='lat' dir='ltr'><strong>servosque</strong></span> <span class='ocrx_word' id='word_1_12' title='bbox 994 853 1024 904; x_wconf 89' lang='lat' dir='ltr'><strong>et</strong></span> <span class='ocrx_word' id='word_1_13' title='bbox 1049 862 1166 925; x_wconf 86' lang='lat' dir='ltr'><strong>pecora</strong></span> <span class='ocrx_word' id='word_1_14' title='bbox 1187 840 1300 926; x_wconf 91' lang='lat' dir='ltr'><strong>quibus</strong></span> <span class='ocrx_word' id='word_1_15' title='bbox 1321 859 1362 900; x_wconf 87' lang='lat' dir='ltr'><strong>eos</strong></span> 
     </span>
     <span class='ocr_line' id='line_1_4' title="bbox 386 952 1361 1039; baseline -0.01 -18"><span class='ocrx_word' id='word_1_16' title='bbox 386 956 538 1034; x_wconf 86' lang='lat' dir='ltr'><strong>colereut;</strong></span> <span class='ocrx_word' id='word_1_17' title='bbox 562 978 635 1019; x_wconf 89' lang='lat' dir='ltr'><strong>eum</strong></span> <span class='ocrx_word' id='word_1_18' title='bbox 651 955 843 1039; x_wconf 90' lang='lat' dir='ltr'><strong>reipublicae</strong></span> <span class='ocrx_word' id='word_1_19' title='bbox 863 974 1001 1017; x_wconf 88' lang='lat' dir='ltr'><strong>amorem</strong></span> <span class='ocrx_word' id='word_1_20' title='bbox 1016 953 1234 1037; x_wconf 80' lang='lat' dir='ltr'><strong>maximopere</strong></span> <span class='ocrx_word' id='word_1_21' title='bbox 1243 952 1361 1035; x_wconf 81' lang='lat' dir='ltr'><strong>refrige-</strong></span> 
     </span>
     <span class='ocr_line' id='line_1_5' title="bbox 386 1059 1363 1151; baseline -0.01 -22"><span class='ocrx_word' id='word_1_22' title='bbox 386 1076 489 1131; x_wconf 87' lang='lat' dir='ltr'><strong>ratum</strong></span> <span class='ocrx_word' id='word_1_23' title='bbox 519 1067 551 1129; x_wconf 91' lang='lat' dir='ltr'><strong>in</strong></span> <span class='ocrx_word' id='word_1_24' title='bbox 575 1066 771 1151; x_wconf 85' lang='lat' dir='ltr'><strong>plebejorum</strong></span> <span class='ocrx_word' id='word_1_25' title='bbox 793 1064 922 1140; x_wconf 85' lang='lat' dir='ltr'><strong>animis,</strong></span> <span class='ocrx_word' id='word_1_26' title='bbox 947 1063 1100 1149; x_wconf 80' lang='lat' dir='ltr'><strong>quamdiu</strong></span> <span class='ocrx_word' id='word_1_27' title='bbox 1121 1065 1184 1148; x_wconf 92' lang='lat' dir='ltr'><strong>ipsi</strong></span> <span class='ocrx_word' id='word_1_28' title='bbox 1206 1062 1308 1127; x_wconf 79' lang='lat' dir='ltr'><strong>rererd</strong></span> <span class='ocrx_word' id='word_1_29' title='bbox 1328 1059 1363 1121; x_wconf 86' lang='lat' dir='ltr'><strong>rei</strong></span> 
     </span>
     <span class='ocr_line' id='line_1_6' title="bbox 383 1173 1363 1263; baseline -0.01 -22"><span class='ocrx_word' id='word_1_30' title='bbox 383 1176 531 1263; x_wconf 89' lang='lat' dir='ltr'><strong>publicae</strong></span> <span class='ocrx_word' id='word_1_31' title='bbox 556 1198 619 1240; x_wconf 89' lang='lat' dir='ltr'><strong>uon</strong></span> <span class='ocrx_word' id='word_1_32' title='bbox 643 1187 745 1240; x_wconf 83' lang='lat' dir='ltr'><strong>essent</strong></span> <span class='ocrx_word' id='word_1_33' title='bbox 767 1177 948 1260; x_wconf 81' lang='lat' dir='ltr'><strong>participes3</strong></span> <span class='ocrx_word' id='word_1_34' title='bbox 974 1181 1010 1239; x_wconf 75' lang='lat' dir='ltr'><strong>ea</strong></span> <span class='ocrx_word' id='word_1_35' title='bbox 1031 1175 1138 1238; x_wconf 87' lang='lat' dir='ltr'><strong>omnia</strong></span> <span class='ocrx_word' id='word_1_36' title='bbox 1162 1174 1220 1237; x_wconf 82' lang='lat' dir='ltr'><strong>sual</strong></span> <span class='ocrx_word' id='word_1_37' title='bbox 1244 1173 1363 1241; x_wconf 85' lang='lat' dir='ltr'><strong>ratione,</strong></span> 
     </span>
     <span class='ocr_line' id='line_1_7' title="bbox 384 1280 1363 1373; baseline -0.009 -22"><span class='ocrx_word' id='word_1_38' title='bbox 384 1288 497 1364; x_wconf 89' lang='lat' dir='ltr'><strong>idest,</strong></span> <span class='ocrx_word' id='word_1_39' title='bbox 519 1287 595 1351; x_wconf 90' lang='lat' dir='ltr'><strong>hinc</strong></span> <span class='ocrx_word' id='word_1_40' title='bbox 613 1288 704 1351; x_wconf 89' lang='lat' dir='ltr'><strong>illinc</strong></span> <span class='ocrx_word' id='word_1_41' title='bbox 727 1289 900 1373; x_wconf 75' lang='lat' dir='ltr'><strong>omnigenis</strong></span> <span class='ocrx_word' id='word_1_42' title='bbox 923 1287 1071 1370; x_wconf 75' lang='lat' dir='ltr'><strong>exemplis</strong></span> <span class='ocrx_word' id='word_1_43' title='bbox 1095 1286 1232 1367; x_wconf 82' lang='lat' dir='ltr'><strong>collatis,</strong></span> <span class='ocrx_word' id='word_1_44' title='bbox 1254 1280 1363 1367; x_wconf 81' lang='lat' dir='ltr'><strong>exponit</strong></span> 
     </span>
     <span class='ocr_line' id='line_1_8' title="bbox 385 1391 1363 1482; baseline -0.009 -21"><span class='ocrx_word' id='word_1_45' title='bbox 385 1420 649 1476; x_wconf 75' lang='lat' dir='ltr'><strong>uonrssouruus.</strong></span> <span class='ocrx_word' id='word_1_46' title='bbox 673 1401 754 1463; x_wconf 88' lang='lat' dir='ltr'><strong>Tum</strong></span> <span class='ocrx_word' id='word_1_47' title='bbox 774 1419 865 1482; x_wconf 84' lang='lat' dir='ltr'><strong>pono</strong></span> <span class='ocrx_word' id='word_1_48' title='bbox 883 1420 951 1481; x_wconf 88' lang='lat' dir='ltr'><strong>cap.</strong></span> <span class='ocrx_word' id='word_1_49' title='bbox 969 1399 995 1473; x_wconf 94' lang='lat' dir='ltr'><strong>I,</strong></span> <span class='ocrx_word' id='word_1_50' title='bbox 1016 1398 1142 1480; x_wconf 68' lang='lat' dir='ltr'><strong>depicti</strong></span> <span class='ocrx_word' id='word_1_51' title='bbox 1158 1391 1363 1481; x_wconf 76' lang='lat' dir='ltr'><strong>antiquissimi</strong></span> 
     </span>
     <span class='ocr_line' id='line_1_9' title="bbox 384 1506 1363 1596; baseline -0.012 -22"><span class='ocrx_word' id='word_1_52' title='bbox 384 1511 501 1575; x_wconf 88' lang='lat' dir='ltr'><strong>Romae</strong></span> <span class='ocrx_word' id='word_1_53' title='bbox 530 1511 589 1574; x_wconf 91' lang='lat' dir='ltr'><strong>sub</strong></span> <span class='ocrx_word' id='word_1_54' title='bbox 618 1509 758 1596; x_wconf 85' lang='lat' dir='ltr'><strong>Regibus</strong></span> <span class='ocrx_word' id='word_1_55' title='bbox 779 1509 972 1584; x_wconf 86' lang='lat' dir='ltr'><strong>conditione,</strong></span> <span class='ocrx_word' id='word_1_56' title='bbox 1005 1508 1162 1592; x_wconf 84' lang='lat' dir='ltr'><strong>quamdiu</strong></span> <span class='ocrx_word' id='word_1_57' title='bbox 1184 1506 1363 1594; x_wconf 86' lang='lat' dir='ltr'><strong>praedonum</strong></span> 
     </span>
     <span class='ocr_line' id='line_1_10' title="bbox 384 1612 1363 1707; baseline -0.01 -23"><span class='ocrx_word' id='word_1_58' title='bbox 384 1625 469 1687; x_wconf 83' lang='lat' dir='ltr'><strong>victu</strong></span> <span class='ocrx_word' id='word_1_59' title='bbox 489 1625 537 1686; x_wconf 91' lang='lat' dir='ltr'><strong>usi</strong></span> <span class='ocrx_word' id='word_1_60' title='bbox 554 1624 672 1686; x_wconf 84' lang='lat' dir='ltr'><strong>fuerint</strong></span> <span class='ocrx_word' id='word_1_61' title='bbox 687 1624 820 1685; x_wconf 85' lang='lat' dir='ltr'><strong>Romani</strong></span> <span class='ocrx_word' id='word_1_62' title='bbox 845 1620 994 1696; x_wconf 83' lang='lat' dir='ltr'><strong>ostendit,</strong></span> <span class='ocrx_word' id='word_1_63' title='bbox 1019 1641 1194 1707; x_wconf 90' lang='lat' dir='ltr'><strong>omnesque</strong></span> <span class='ocrx_word' id='word_1_64' title='bbox 1212 1618 1316 1683; x_wconf 78' lang='lat' dir='ltr'><strong>turbas</strong></span> <span class='ocrx_word' id='word_1_65' title='bbox 1333 1612 1363 1675; x_wconf 89' lang='lat' dir='ltr'><strong>de</strong></span> 
     </span>
     <span class='ocr_line' id='line_1_11' title="bbox 382 1728 1362 1815; baseline -0.009 -19"><span class='ocrx_word' id='word_1_66' title='bbox 382 1734 517 1815; x_wconf 73' lang='lat' dir='ltr'><strong>praedae</strong></span> <span class='ocrx_word' id='word_1_67' title='bbox 536 1733 685 1797; x_wconf 76' lang='lat' dir='ltr'><strong>divisione</strong></span> <span class='ocrx_word' id='word_1_68' title='bbox 701 1743 797 1811; x_wconf 84' lang='lat' dir='ltr'><strong>ortas3</strong></span> <span class='ocrx_word' id='word_1_69' title='bbox 822 1754 881 1796; x_wconf 90' lang='lat' dir='ltr'><strong>nec</strong></span> <span class='ocrx_word' id='word_1_70' title='bbox 903 1743 1025 1795; x_wconf 75' lang='lat' dir='ltr'><strong>veretur</strong></span> <span class='ocrx_word' id='word_1_71' title='bbox 1044 1754 1228 1810; x_wconf 78' lang='lat' dir='ltr'><strong>rancunuo</strong></span> <span class='ocrx_word' id='word_1_72' title='bbox 1250 1728 1362 1794; x_wconf 85' lang='lat' dir='ltr'><strong>meritas</strong></span> 
     </span>
     <span class='ocr_line' id='line_1_12' title="bbox 382 1837 1420 1931; baseline 0.002 -26"><span class='ocrx_word' id='word_1_73' title='bbox 382 1843 492 1907; x_wconf 88' lang='lat' dir='ltr'><strong>laudes</strong></span> <span class='ocrx_word' id='word_1_74' title='bbox 513 1845 671 1909; x_wconf 80' lang='lat' dir='ltr'><strong>vindicare</strong></span> <span class='ocrx_word' id='word_1_75' title='bbox 693 1857 724 1908; x_wconf 86' lang='lat' dir='ltr'><strong>et</strong></span> <span class='ocrx_word' id='word_1_76' title='bbox 737 1846 878 1931; x_wconf 85' lang='lat' dir='ltr'><strong>priorum</strong></span> <span class='ocrx_word' id='word_1_77' title='bbox 892 1843 1112 1909; x_wconf 81' lang='lat' dir='ltr'><strong>historicorum</strong></span> <span class='ocrx_word' id='word_1_78' title='bbox 1129 1844 1301 1910; x_wconf 88' lang='lat' dir='ltr'><strong>sententiae</strong></span> <span class='ocrx_word' id='word_1_79' title='bbox 1315 1837 1363 1901; x_wconf 83' lang='lat' dir='ltr'><strong>od·</strong></span> <span class='ocrx_word' id='word_1_80' title='bbox 1419 1866 1420 1907; x_wconf 68' lang='grc' dir='ltr'><strong>ι</strong></span> 
     </span>
     <span class='ocr_line' id='line_1_13' title="bbox 382 1955 1389 2041; baseline -0.008 -22"><span class='ocrx_word' id='word_1_81' title='bbox 382 1976 523 2030; x_wconf 78' lang='lat' dir='ltr'><strong>versans,</strong></span> <span class='ocrx_word' id='word_1_82' title='bbox 550 1958 583 2019; x_wconf 90' lang='lat' dir='ltr'><strong>in</strong></span> <span class='ocrx_word' id='word_1_83' title='bbox 608 1957 748 2041; x_wconf 84' lang='lat' dir='ltr'><strong>Regibus</strong></span> <span class='ocrx_word' id='word_1_84' title='bbox 767 1955 889 2039; x_wconf 86' lang='lat' dir='ltr'><strong>ejectis,</strong></span> <span class='ocrx_word' id='word_1_85' title='bbox 911 1975 975 2017; x_wconf 92' lang='lat' dir='ltr'><strong>non</strong></span> <span class='ocrx_word' id='word_1_86' title='bbox 995 1956 1167 2033; x_wconf 69' lang='lat' dir='ltr'><strong>libertatis,</strong></span> <span class='ocrx_word' id='word_1_87' title='bbox 1190 1955 1297 2019; x_wconf 81' lang='lat' dir='ltr'><strong>verdm</strong></span> <span class='ocrx_word' id='word_1_88' title='bbox 1314 1970 1389 2037; x_wconf 65' lang='lat' dir='ltr'><strong>pa·r</strong></span> 
     </span>
     <span class='ocr_line' id='line_1_14' title="bbox 381 2063 1362 2153; baseline -0.008 -22"><span class='ocrx_word' id='word_1_89' title='bbox 381 2069 522 2131; x_wconf 79' lang='lat' dir='ltr'><strong>triciatds</strong></span> <span class='ocrx_word' id='word_1_90' title='bbox 538 2069 699 2131; x_wconf 86' lang='lat' dir='ltr'><strong>victoriam</strong></span> <span class='ocrx_word' id='word_1_91' title='bbox 722 2089 850 2131; x_wconf 86' lang='lat' dir='ltr'><strong>cernere</strong></span> <span class='ocrx_word' id='word_1_92' title='bbox 861 2063 920 2153; x_wconf 82' lang='lat'><strong>(1)</strong></span> <span class='ocrx_word' id='word_1_93' title='bbox 952 2067 1046 2132; x_wconf 85' lang='lat' dir='ltr'><strong>Porro</strong></span> <span class='ocrx_word' id='word_1_94' title='bbox 1065 2065 1247 2131; x_wconf 86' lang='lat' dir='ltr'><strong>desumtum</strong></span> <span class='ocrx_word' id='word_1_95' title='bbox 1268 2081 1362 2127; x_wconf 82' lang='lat' dir='ltr'><strong>eoos-</strong></span> 
     </span>
     <span class='ocr_line' id='line_1_15' title="bbox 381 2167 1361 2259; baseline -0.007 -18"><span class='ocrx_word' id='word_1_96' title='bbox 381 2199 480 2241; x_wconf 82' lang='lat' dir='ltr'><strong>sumo</strong></span> <span class='ocrx_word' id='word_1_97' title='bbox 516 2177 593 2240; x_wconf 88' lang='lat' dir='ltr'><strong>dicit</strong></span> <span class='ocrx_word' id='word_1_98' title='bbox 622 2198 669 2256; x_wconf 80' lang='lat' dir='ltr'><strong>r.;</strong></span> <span class='ocrx_word' id='word_1_99' title='bbox 711 2182 757 2241; x_wconf 80' lang='lat'><strong>3⁰.</strong></span> <span class='ocrx_word' id='word_1_100' title='bbox 786 2175 968 2239; x_wconf 83' lang='lat' dir='ltr'><strong>fortitudine</strong></span> <span class='ocrx_word' id='word_1_101' title='bbox 998 2175 1113 2239; x_wconf 71' lang='lat' dir='ltr'><strong>bellici</strong></span> <span class='ocrx_word' id='word_1_102' title='bbox 1144 2190 1177 2241; x_wconf 88' lang='lat' dir='ltr'><strong>et</strong></span> <span class='ocrx_word' id='word_1_103' title='bbox 1207 2167 1361 2259; x_wconf 82' lang='lat' dir='ltr'><strong>disciplini</strong></span> 
     </span>
     <span class='ocr_line' id='line_1_16' title="bbox 382 2280 1361 2371; baseline 0 -21"><span class='ocrx_word' id='word_1_104' title='bbox 382 2287 511 2350; x_wconf 87' lang='lat' dir='ltr'><strong>militari</strong></span> <span class='ocrx_word' id='word_1_105' title='bbox 531 2287 572 2351; x_wconf 84' lang='lat' dir='ltr'><strong>nb</strong></span> <span class='ocrx_word' id='word_1_106' title='bbox 588 2285 728 2352; x_wconf 83' lang='lat' dir='ltr'><strong>hostibus</strong></span> <span class='ocrx_word' id='word_1_107' title='bbox 747 2288 909 2352; x_wconf 79' lang='lat' dir='ltr'><strong>victoriam</strong></span> <span class='ocrx_word' id='word_1_108' title='bbox 925 2297 1096 2371; x_wconf 68' lang='lat' dir='ltr'><strong>reportasse</strong></span> <span class='ocrx_word' id='word_1_109' title='bbox 1109 2289 1278 2353; x_wconf 83' lang='lat' dir='ltr'><strong>Romanos.</strong></span> <span class='ocrx_word' id='word_1_110' title='bbox 1300 2280 1361 2363; x_wconf 74' lang='lat' dir='ltr'><strong>Qut</strong></span> 
     </span>
    </p>

    <p class='ocr_par' dir='ltr' id='par_1_3' title="bbox 319 2389 1419 3042">
     <span class='ocr_line' id='line_1_17' title="bbox 319 2389 1359 2491; baseline -0.004 -29"><span class='ocrx_word' id='word_1_111' title='bbox 319 2482 324 2491; x_wconf 90' lang='lat'>.</span> <span class='ocrx_word' id='word_1_112' title='bbox 380 2401 415 2462; x_wconf 92' lang='lat' dir='ltr'><strong>in</strong></span> <span class='ocrx_word' id='word_1_113' title='bbox 439 2419 473 2461; x_wconf 89' lang='lat' dir='ltr'><strong>re</strong></span> <span class='ocrx_word' id='word_1_114' title='bbox 492 2408 596 2462; x_wconf 82' lang='lat' dir='ltr'><strong>tamen</strong></span> <span class='ocrx_word' id='word_1_115' title='bbox 621 2398 704 2462; x_wconf 91' lang='lat' dir='ltr'><strong>illud</strong></span> <span class='ocrx_word' id='word_1_116' title='bbox 727 2397 916 2462; x_wconf 73' lang='lat' dir='ltr'><strong>discriminis</strong></span> <span class='ocrx_word' id='word_1_117' title='bbox 941 2397 1081 2461; x_wconf 81' lang='lat' dir='ltr'><strong>observat</strong></span> <span class='ocrx_word' id='word_1_118' title='bbox 1112 2401 1263 2473; x_wconf 88' lang='lat' dir='ltr'><strong>criticus,</strong></span> <span class='ocrx_word' id='word_1_119' title='bbox 1287 2389 1359 2481; x_wconf 89' lang='lat' dir='ltr'><strong>quod</strong></span> 
     </span>
     <span class='ocr_line' id='line_1_18' title="bbox 381 2509 1359 2596; baseline -0.006 -24"><span class='ocrx_word' id='word_1_120' title='bbox 381 2530 548 2574; x_wconf 73' lang='lat' dir='ltr'><strong>possumus</strong></span> <span class='ocrx_word' id='word_1_121' title='bbox 573 2512 671 2596; x_wconf 85' lang='lat' dir='ltr'><strong>magis</strong></span> <span class='ocrx_word' id='word_1_122' title='bbox 699 2509 740 2574; x_wconf 88' lang='lat' dir='ltr'><strong>ad</strong></span> <span class='ocrx_word' id='word_1_123' title='bbox 765 2510 916 2574; x_wconf 84' lang='lat' dir='ltr'><strong>moralem</strong></span> <span class='ocrx_word' id='word_1_124' title='bbox 944 2511 1083 2595; x_wconf 85' lang='lat' dir='ltr'><strong>vigorem</strong></span> <span class='ocrx_word' id='word_1_125' title='bbox 1110 2521 1141 2573; x_wconf 93' lang='lat' dir='ltr'><strong>et</strong></span> <span class='ocrx_word' id='word_1_126' title='bbox 1172 2509 1359 2577; x_wconf 83' lang='lat' dir='ltr'><strong>audentiam,</strong></span> 
     </span>
     <span class='ocr_line' id='line_1_19' title="bbox 380 2615 1419 2753; baseline -0.011 -65"><span class='ocrx_word' id='word_1_127' title='bbox 380 2644 634 2700; x_wconf 73' lang='lat' dir='ltr'><strong>nosrrsourrrus</strong></span> <span class='ocrx_word' id='word_1_128' title='bbox 661 2626 797 2710; x_wconf 83' lang='lat' dir='ltr'><strong>corporis</strong></span> <span class='ocrx_word' id='word_1_129' title='bbox 817 2622 913 2687; x_wconf 84' lang='lat' dir='ltr'><strong>robur</strong></span> <span class='ocrx_word' id='word_1_130' title='bbox 929 2622 1112 2687; x_wconf 85' lang='lat' dir='ltr'><strong>adtendeu&#39;t.</strong></span> <span class='ocrx_word' id='word_1_131' title='bbox 1155 2623 1281 2687; x_wconf 89' lang='lat' dir='ltr'><strong>Sufficit</strong></span> <span class='ocrx_word' id='word_1_132' title='bbox 1300 2615 1360 2680; x_wconf 86' lang='lat' dir='ltr'><strong>talis</strong></span> <span class='ocrx_word' id='word_1_133' title='bbox 1416 2648 1419 2753; x_wconf 55' lang='lat' dir='ltr'><strong>q</strong></span> 
     </span>
     <span class='ocr_line' id='line_1_20' title="bbox 381 2725 1359 2820; baseline -0.008 -23"><span class='ocrx_word' id='word_1_134' title='bbox 381 2736 552 2799; x_wconf 83' lang='lat' dir='ltr'><strong>observatio</strong></span> <span class='ocrx_word' id='word_1_135' title='bbox 576 2747 613 2798; x_wconf 89' lang='lat' dir='ltr'><strong>nt</strong></span> <span class='ocrx_word' id='word_1_136' title='bbox 628 2736 718 2799; x_wconf 91' lang='lat' dir='ltr'><strong>uobis</strong></span> <span class='ocrx_word' id='word_1_137' title='bbox 737 2756 922 2820; x_wconf 87' lang='lat' dir='ltr'><strong>persuasum</strong></span> <span class='ocrx_word' id='word_1_138' title='bbox 949 2736 1005 2809; x_wconf 91' lang='lat' dir='ltr'><strong>sit,</strong></span> <span class='ocrx_word' id='word_1_139' title='bbox 1030 2755 1120 2798; x_wconf 89' lang='lat' dir='ltr'><strong>suam</strong></span> <span class='ocrx_word' id='word_1_140' title='bbox 1140 2752 1303 2818; x_wconf 86' lang='lat' dir='ltr'><strong>quemque</strong></span> <span class='ocrx_word' id='word_1_141' title='bbox 1319 2725 1359 2789; x_wconf 81' lang='lat' dir='ltr'><strong>ri·</strong></span> 
     </span>
     <span class='ocr_line' id='line_1_21' title="bbox 380 2840 1359 2929; baseline -0.009 -21"><span class='ocrx_word' id='word_1_142' title='bbox 380 2866 432 2908; x_wconf 90' lang='lat' dir='ltr'><strong>am</strong></span> <span class='ocrx_word' id='word_1_143' title='bbox 453 2866 519 2907; x_wconf 90' lang='lat' dir='ltr'><strong>esse</strong></span> <span class='ocrx_word' id='word_1_144' title='bbox 547 2858 684 2921; x_wconf 88' lang='lat' dir='ltr'><strong>secutos,</strong></span> <span class='ocrx_word' id='word_1_145' title='bbox 715 2847 868 2929; x_wconf 82' lang='lat' dir='ltr'><strong>imprimis</strong></span> <span class='ocrx_word' id='word_1_146' title='bbox 890 2847 916 2907; x_wconf 91' lang='lat' dir='ltr'><strong>si</strong></span> <span class='ocrx_word' id='word_1_147' title='bbox 938 2844 1031 2908; x_wconf 87' lang='lat' dir='ltr'><strong>addas</strong></span> <span class='ocrx_word' id='word_1_148' title='bbox 1050 2867 1229 2910; x_wconf 81' lang='lat' dir='ltr'><strong>oossomuu</strong></span> <span class='ocrx_word' id='word_1_149' title='bbox 1251 2846 1285 2908; x_wconf 89' lang='lat' dir='ltr'><strong>ll.</strong></span> <span class='ocrx_word' id='word_1_150' title='bbox 1305 2840 1359 2904; x_wconf 91' lang='lat' dir='ltr'><strong>citt.</strong></span> 
     </span>
     <span class='ocr_line' id='line_1_22' title="bbox 380 2951 1361 3042; baseline -0.002 -24"><span class='ocrx_word' id='word_1_151' title='bbox 380 2955 421 3018; x_wconf 90' lang='lat' dir='ltr'><strong>de</strong></span> <span class='ocrx_word' id='word_1_152' title='bbox 441 2956 613 3019; x_wconf 73' lang='lat' dir='ltr'><strong>constantii</strong></span> <span class='ocrx_word' id='word_1_153' title='bbox 634 2955 753 3019; x_wconf 88' lang='lat' dir='ltr'><strong>ducum</strong></span> <span class='ocrx_word' id='word_1_154' title='bbox 773 2967 803 3019; x_wconf 91' lang='lat' dir='ltr'><strong>et</strong></span> <span class='ocrx_word' id='word_1_155' title='bbox 824 2954 1048 3042; x_wconf 81' lang='lat' dir='ltr'><strong>imperantium</strong></span> <span class='ocrx_word' id='word_1_156' title='bbox 1071 2959 1105 3019; x_wconf 91' lang='lat' dir='ltr'><strong>in</strong></span> <span class='ocrx_word' id='word_1_157' title='bbox 1132 2956 1225 3019; x_wconf 87' lang='lat' dir='ltr'><strong>rebus</strong></span> <span class='ocrx_word' id='word_1_158' title='bbox 1253 2951 1361 3041; x_wconf 80' lang='lat' dir='ltr'><strong>patriae</strong></span> 
     </span>
    </p>

    <p class='ocr_par' dir='ltr' id='par_1_4' title="bbox 306 3064 1417 3707">
     <span class='ocr_line' id='line_1_23' title="bbox 306 3064 1360 3151; baseline -0.003 -24"><span class='ocrx_word' id='word_1_159' title='bbox 306 3090 309 3097; x_wconf 89' lang='grc'><strong><em>·</em></strong></span> <span class='ocrx_word' id='word_1_160' title='bbox 380 3064 516 3128; x_wconf 82' lang='lat' dir='ltr'><strong>adversis</strong></span> <span class='ocrx_word' id='word_1_161' title='bbox 555 3067 670 3151; x_wconf 85' lang='lat' dir='ltr'><strong>egisse,</strong></span> <span class='ocrx_word' id='word_1_162' title='bbox 710 3078 851 3130; x_wconf 90' lang='lat' dir='ltr'><strong>nostrum</strong></span> <span class='ocrx_word' id='word_1_163' title='bbox 884 3068 922 3132; x_wconf 72' lang='lat' dir='ltr'><strong>A.</strong></span> <span class='ocrx_word' id='word_1_164' title='bbox 956 3078 1062 3131; x_wconf 89' lang='lat' dir='ltr'><strong>contra</strong></span> <span class='ocrx_word' id='word_1_165' title='bbox 1097 3067 1240 3130; x_wconf 90' lang='lat' dir='ltr'><strong>minutiis</strong></span> <span class='ocrx_word' id='word_1_166' title='bbox 1279 3077 1360 3128; x_wconf 83' lang='lat' dir='ltr'><strong>tenus</strong></span> 
     </span>
     <span class='ocr_line' id='line_1_24' title="bbox 380 3176 1360 3264; baseline -0.004 -24"><span class='ocrx_word' id='word_1_167' title='bbox 380 3179 527 3242; x_wconf 71' lang='lat' dir='ltr'><strong>exercitia</strong></span> <span class='ocrx_word' id='word_1_168' title='bbox 559 3176 775 3264; x_wconf 87' lang='lat' dir='ltr'><strong>descripsisse,</strong></span> <span class='ocrx_word' id='word_1_169' title='bbox 809 3179 925 3264; x_wconf 88' lang='lat' dir='ltr'><strong>quibus</strong></span> <span class='ocrx_word' id='word_1_170' title='bbox 954 3178 1057 3242; x_wconf 85' lang='lat' dir='ltr'><strong>valido</strong></span> <span class='ocrx_word' id='word_1_171' title='bbox 1082 3178 1159 3244; x_wconf 86' lang='lat' dir='ltr'><strong>adeo</strong></span> <span class='ocrx_word' id='word_1_172' title='bbox 1187 3191 1219 3243; x_wconf 85' lang='lat' dir='ltr'><strong>et</strong></span> <span class='ocrx_word' id='word_1_173' title='bbox 1244 3178 1360 3241; x_wconf 81' lang='lat' dir='ltr'><strong>robusta</strong></span> 
     </span>
     <span class='ocr_line' id='line_1_25' title="bbox 379 3286 1361 3378; baseline -0.006 -24"><span class='ocrx_word' id='word_1_174' title='bbox 379 3311 509 3374; x_wconf 84' lang='lat' dir='ltr'><strong>corpora</strong></span> <span class='ocrx_word' id='word_1_175' title='bbox 537 3286 596 3354; x_wconf 89' lang='lat' dir='ltr'><strong>sibi</strong></span> <span class='ocrx_word' id='word_1_176' title='bbox 623 3292 825 3357; x_wconf 77' lang='lat' dir='ltr'><strong>informarent</strong></span> <span class='ocrx_word' id='word_1_177' title='bbox 846 3292 1010 3355; x_wconf 78' lang='lat' dir='ltr'><strong>bellatores</strong></span> <span class='ocrx_word' id='word_1_178' title='bbox 1032 3287 1090 3378; x_wconf 83' lang='lat'><strong>(2).</strong></span> <span class='ocrx_word' id='word_1_179' title='bbox 1126 3292 1230 3372; x_wconf 84' lang='lat' dir='ltr'><strong>Quom</strong></span> <span class='ocrx_word' id='word_1_180' title='bbox 1250 3300 1361 3351; x_wconf 85' lang='lat' dir='ltr'><strong>morem</strong></span> 
     </span>
     <span class='ocr_line' id='line_1_26' title="bbox 380 3397 1360 3491; baseline -0.005 -28"><span class='ocrx_word' id='word_1_181' title='bbox 380 3403 524 3463; x_wconf 85' lang='lat' dir='ltr'><strong>universe</strong></span> <span class='ocrx_word' id='word_1_182' title='bbox 553 3420 704 3485; x_wconf 88' lang='lat' dir='ltr'><strong>sequens,</strong></span> <span class='ocrx_word' id='word_1_183' title='bbox 729 3403 833 3466; x_wconf 86' lang='lat' dir='ltr'><strong>clades</strong></span> <span class='ocrx_word' id='word_1_184' title='bbox 853 3402 903 3463; x_wconf 87' lang='lat' dir='ltr'><strong>rel</strong></span> <span class='ocrx_word' id='word_1_185' title='bbox 929 3401 1070 3491; x_wconf 80' lang='lat' dir='ltr'><strong>victorias</strong></span> <span class='ocrx_word' id='word_1_186' title='bbox 1097 3403 1287 3487; x_wconf 92' lang='lat' dir='ltr'><strong>populorum</strong></span> <span class='ocrx_word' id='word_1_187' title='bbox 1312 3397 1360 3458; x_wconf 92' lang='lat' dir='ltr'><strong>lu-</strong></span> 
     </span>
     <span class='ocr_line' id='line_1_27' title="bbox 379 3496 1417 3596; baseline -0.006 -23"><span class='ocrx_word' id='word_1_188' title='bbox 379 3511 490 3573; x_wconf 87' lang='lat' dir='ltr'><strong>benter</strong></span> <span class='ocrx_word' id='word_1_189' title='bbox 521 3513 621 3574; x_wconf 83' lang='lat' dir='ltr'><strong>causis</strong></span> <span class='ocrx_word' id='word_1_190' title='bbox 652 3509 804 3596; x_wconf 81' lang='lat' dir='ltr'><strong>physicis,</strong></span> <span class='ocrx_word' id='word_1_191' title='bbox 835 3532 993 3574; x_wconf 87' lang='lat' dir='ltr'><strong>armorum</strong></span> <span class='ocrx_word' id='word_1_192' title='bbox 1024 3512 1169 3593; x_wconf 90' lang='lat' dir='ltr'><strong>ponderi,</strong></span> <span class='ocrx_word' id='word_1_193' title='bbox 1204 3524 1364 3596; x_wconf 88' lang='lat' dir='ltr'><strong>corporum</strong></span> <span class='ocrx_word' id='word_1_194' title='bbox 1415 3496 1417 3585; x_wconf 74' lang='lat' dir='ltr'><strong>l</strong></span> 
     </span>
     <span class='ocr_line' id='line_1_28' title="bbox 381 3620 1417 3707; baseline 0.001 -24"><span class='ocrx_word' id='word_1_195' title='bbox 381 3620 543 3697; x_wconf 83' lang='lat' dir='ltr'><strong>exercitio,</strong></span> <span class='ocrx_word' id='word_1_196' title='bbox 567 3623 641 3684; x_wconf 90' lang='lat' dir='ltr'><strong>situi</strong></span> <span class='ocrx_word' id='word_1_197' title='bbox 668 3623 831 3706; x_wconf 86' lang='lat' dir='ltr'><strong>regionum</strong></span> <span class='ocrx_word' id='word_1_198' title='bbox 860 3631 919 3686; x_wconf 89' lang='lat' dir='ltr'><strong>etc.</strong></span> <span class='ocrx_word' id='word_1_199' title='bbox 940 3621 1098 3686; x_wconf 84' lang='lat' dir='ltr'><strong>adscribit.</strong></span> <span class='ocrx_word' id='word_1_200' title='bbox 1131 3624 1172 3686; x_wconf 77' lang='lat' dir='ltr'><strong>At</strong></span> <span class='ocrx_word' id='word_1_201' title='bbox 1194 3647 1225 3688; x_wconf 82' lang='grc' dir='ltr'><strong>ιι.</strong></span> <span class='ocrx_word' id='word_1_202' title='bbox 1250 3637 1360 3707; x_wconf 81' lang='lat' dir='ltr'><strong>propo·</strong></span> <span class='ocrx_word' id='word_1_203' title='bbox 1416 3674 1417 3681; x_wconf 67' lang='grc'>,</span> 
     </span>
    </p>
   </div>
   <div class='ocr_carea' id='block_1_3' title="bbox 329 3821 1417 4265">
    <p class='ocr_par' dir='ltr' id='par_1_5' title="bbox 377 3821 1417 4082">
     <span class='ocr_line' id='line_1_29' title="bbox 412 3821 1358 3901; baseline -0.008 -20"><span class='ocrx_word' id='word_1_204' title='bbox 412 3832 450 3901; x_wconf 76' lang='lat'><strong>(1)</strong></span> <span class='ocrx_word' id='word_1_205' title='bbox 475 3836 512 3883; x_wconf 82' lang='lat' dir='ltr'><strong>lta</strong></span> <span class='ocrx_word' id='word_1_206' title='bbox 534 3831 657 3900; x_wconf 81' lang='lat' dir='ltr'><strong>paululum</strong></span> <span class='ocrx_word' id='word_1_207' title='bbox 681 3831 760 3881; x_wconf 78' lang='lat' dir='ltr'><strong>abluit</strong></span> <span class='ocrx_word' id='word_1_208' title='bbox 782 3833 808 3880; x_wconf 87' lang='lat' dir='ltr'><strong>in</strong></span> <span class='ocrx_word' id='word_1_209' title='bbox 830 3830 874 3880; x_wconf 77' lang='lat' dir='ltr'><strong>laec</strong></span> <span class='ocrx_word' id='word_1_210' title='bbox 901 3848 971 3896; x_wconf 84' lang='lat' dir='ltr'><strong>opero</strong></span> <span class='ocrx_word' id='word_1_211' title='bbox 1001 3843 1183 3888; x_wconf 73' lang='lat' dir='ltr'><strong>norresqosrtos</strong></span> <span class='ocrx_word' id='word_1_212' title='bbox 1211 3849 1225 3879; x_wconf 84' lang='lat' dir='ltr'><strong>a</strong></span> <span class='ocrx_word' id='word_1_213' title='bbox 1250 3821 1358 3880; x_wconf 71' lang='lat' dir='ltr'><strong>seutentii</strong></span> 
     </span>
     <span class='ocr_line' id='line_1_30' title="bbox 379 3921 1417 3993; baseline -0.001 -18"><span class='ocrx_word' id='word_1_214' title='bbox 379 3942 477 3991; x_wconf 83' lang='lat' dir='ltr'><strong>eorum,</strong></span> <span class='ocrx_word' id='word_1_215' title='bbox 491 3928 538 3992; x_wconf 75' lang='lat' dir='ltr'><strong>&#39;qui</strong></span> <span class='ocrx_word' id='word_1_216' title='bbox 553 3927 728 3993; x_wconf 80' lang='lat' dir='ltr'><strong>antiquissimas</strong></span> <span class='ocrx_word' id='word_1_217' title='bbox 744 3925 809 3989; x_wconf 86' lang='lat' dir='ltr'><strong>leger</strong></span> <span class='ocrx_word' id='word_1_218' title='bbox 827 3933 852 3973; x_wconf 88' lang='lat' dir='ltr'><strong>et</strong></span> <span class='ocrx_word' id='word_1_219' title='bbox 868 3940 905 3972; x_wconf 83' lang='lat' dir='ltr'><strong>res</strong></span> <span class='ocrx_word' id='word_1_220' title='bbox 923 3933 999 3988; x_wconf 81' lang='lat' dir='ltr'><strong>gestas</strong></span> <span class='ocrx_word' id='word_1_221' title='bbox 1016 3924 1172 3974; x_wconf 83' lang='lat' dir='ltr'><strong>Romanorum</strong></span> <span class='ocrx_word' id='word_1_222' title='bbox 1183 3926 1216 3973; x_wconf 85' lang='lat' dir='ltr'><strong>sic</strong></span> <span class='ocrx_word' id='word_1_223' title='bbox 1233 3921 1359 3989; x_wconf 77' lang='lat' dir='ltr'><strong>explieeots</strong></span> <span class='ocrx_word' id='word_1_224' title='bbox 1416 3942 1417 3959; x_wconf 53' lang='grc' dir='ltr'><strong>ι</strong></span> 
     </span>
     <span class='ocr_line' id='line_1_31' title="bbox 377 4004 1358 4082; baseline -0.002 -19"><span class='ocrx_word' id='word_1_225' title='bbox 377 4025 407 4064; x_wconf 87' lang='lat' dir='ltr'><strong>ut</strong></span> <span class='ocrx_word' id='word_1_226' title='bbox 420 4015 479 4064; x_wconf 88' lang='lat' dir='ltr'><strong>duae</strong></span> <span class='ocrx_word' id='word_1_227' title='bbox 492 4020 598 4067; x_wconf 82' lang='lat' dir='ltr'><strong>nationes</strong></span> <span class='ocrx_word' id='word_1_228' title='bbox 612 4017 703 4067; x_wconf 78' lang='lat' dir='ltr'><strong>suerint</strong></span> <span class='ocrx_word' id='word_1_229' title='bbox 714 4018 811 4082; x_wconf 85' lang='lat' dir='ltr'><strong>patricii</strong></span> <span class='ocrx_word' id='word_1_230' title='bbox 830 4026 853 4065; x_wconf 83' lang='lat' dir='ltr'><strong>et</strong></span> <span class='ocrx_word' id='word_1_231' title='bbox 864 4015 966 4082; x_wconf 81' lang='lat' dir='ltr'><strong>plebeji,</strong></span> <span class='ocrx_word' id='word_1_232' title='bbox 980 4026 1008 4065; x_wconf 88' lang='lat' dir='ltr'><strong>nt</strong></span> <span class='ocrx_word' id='word_1_233' title='bbox 1022 4018 1109 4065; x_wconf 87' lang='lat' dir='ltr'><strong>mirum</strong></span> <span class='ocrx_word' id='word_1_234' title='bbox 1123 4004 1256 4082; x_wconf 63' lang='lat' dir='ltr'><strong>sit‚&#39;ipsum</strong></span> <span class='ocrx_word' id='word_1_235' title='bbox 1273 4030 1300 4063; x_wconf 83' lang='lat' dir='ltr'><strong>eo</strong></span> <span class='ocrx_word' id='word_1_236' title='bbox 1316 4021 1358 4058; x_wconf 74' lang='lat' dir='ltr'><strong>110ss</strong></span> 
     </span>
    </p>

    <p class='ocr_par' dir='ltr' id='par_1_6' title="bbox 329 4107 1331 4175">
     <span class='ocr_line' id='line_1_32' title="bbox 329 4107 1331 4175; baseline 0.001 -23"><span class='ocrx_word' id='word_1_237' title='bbox 329 4133 336 4141; x_wconf 89' lang='lat'><strong>·</strong></span> <span class='ocrx_word' id='word_1_238' title='bbox 378 4107 522 4170; x_wconf 80' lang='lat' dir='ltr'><strong>processisse.</strong></span> <span class='ocrx_word' id='word_1_239' title='bbox 548 4108 610 4158; x_wconf 75' lang='lat' dir='ltr'><strong>llius</strong></span> <span class='ocrx_word' id='word_1_240' title='bbox 626 4123 724 4174; x_wconf 82' lang='lat' dir='ltr'><strong>quoqne</strong></span> <span class='ocrx_word' id='word_1_241' title='bbox 742 4108 900 4158; x_wconf 79' lang='lat' dir='ltr'><strong>existimarem</strong></span> <span class='ocrx_word' id='word_1_242' title='bbox 917 4124 971 4157; x_wconf 83' lang='lat' dir='ltr'><strong>eum</strong></span> <span class='ocrx_word' id='word_1_243' title='bbox 988 4124 1036 4158; x_wconf 89' lang='lat' dir='ltr'><strong>non</strong></span> <span class='ocrx_word' id='word_1_244' title='bbox 1052 4107 1135 4175; x_wconf 79' lang='lat' dir='ltr'><strong>legisse</strong></span> <span class='ocrx_word' id='word_1_245' title='bbox 1152 4120 1246 4158; x_wconf 77' lang='lat' dir='ltr'><strong>uuonts</strong></span> <span class='ocrx_word' id='word_1_246' title='bbox 1262 4117 1331 4173; x_wconf 78' lang='lat' dir='ltr'><strong>opus·</strong></span> 
     </span>
    </p>

    <p class='ocr_par' dir='ltr' id='par_1_7' title="bbox 411 4194 1034 4265">
     <span class='ocr_line' id='line_1_33' title="bbox 411 4194 1034 4265; baseline 0.005 -20"><span class='ocrx_word' id='word_1_247' title='bbox 411 4194 449 4265; x_wconf 75' lang='lat'><strong>(2)</strong></span> <span class='ocrx_word' id='word_1_248' title='bbox 468 4197 582 4265; x_wconf 67' lang='lat' dir='ltr'><strong>tasson,</strong></span> <span class='ocrx_word' id='word_1_249' title='bbox 603 4214 655 4265; x_wconf 84' lang='lat' dir='ltr'><strong>cap.</strong></span> <span class='ocrx_word' id='word_1_250' title='bbox 672 4198 689 4246; x_wconf 75' lang='grc'><strong>0</strong></span> <span class='ocrx_word' id='word_1_251' title='bbox 707 4198 769 4248; x_wconf 81' lang='lat' dir='ltr'><strong>med.</strong></span> <span class='ocrx_word' id='word_1_252' title='bbox 790 4201 832 4249; x_wconf 78' lang='lat' dir='ltr'><strong>Gr.</strong></span> <span class='ocrx_word' id='word_1_253' title='bbox 853 4207 878 4248; x_wconf 77' lang='lat' dir='ltr'><strong>et</strong></span> <span class='ocrx_word' id='word_1_254' title='bbox 893 4199 958 4251; x_wconf 73' lang='lat' dir='ltr'><strong>ch.</strong></span> <span class='ocrx_word' id='word_1_255' title='bbox 974 4216 997 4250; x_wconf 82' lang='lat' dir='ltr'><strong>c.</strong></span> <span class='ocrx_word' id='word_1_256' title='bbox 1008 4201 1034 4249; x_wconf 66' lang='grc' dir='ltr'><strong>ὃ.</strong></span> 
     </span>
    </p>
   </div>
   <div class='ocr_carea' id='block_1_4' title="bbox 1414 4318 1416 4401">
    <p class='ocr_par' dir='ltr' id='par_1_8' title="bbox 1414 4318 1416 4447">
     <span class='ocr_line' id='line_1_34' title="bbox 1414 4318 1416 4401; baseline 0 30"><span class='ocrx_word' id='word_1_257' title='bbox 1414 4318 1416 4401; x_wconf 76' lang='lat' dir='ltr'><strong>t</strong></span> 
     </span>
    </p>
   </div>
   <div class='ocr_carea' id='block_1_5' title="bbox 0 0 1450 5042">
    <p class='ocr_par' dir='ltr' id='par_1_9' title="bbox 0 0 1450 5042">
     <span class='ocr_line' id='line_1_35' title="bbox 0 0 1450 5042; baseline 0 2"><span class='ocrx_word' id='word_1_258' title='bbox 0 0 1450 5042; x_wconf 95' lang='lat' dir='ltr'><strong> </strong></span> 
     </span>
    </p>
   </div>
  </div>
 </body>
</html>
